var products = [{"full_text": "Permanent. $21.00/0.10 oz.", "brand": "Kat Von D", "name": "Gold Blooded", "url": "http://www.temptalia.com/product/kat-von-d-studded-kiss-lipstick/gold-blooded", "review": "-", "user_rating": "0", "permanence": "P", "rgb": [200, 25, 24], "color_name": "pink", "image_url": "http://www.temptalia.com/wp-content/uploads/2015/09/katvond_mividalocalipset030-400x355.jpg", "price": "$21.00", "price_per_ounce": 210.0}, {"full_text": "Limited Edition. $30.00", "brand": "MAC", "name": "Brave Red", "url": "http://www.temptalia.com/product/mac-cosmetics-guo-pei-lipstick/brave-red", "review": "B+", "user_rating": "0", "permanence": "LE", "rgb": [176, 32, 23], "color_name": "red", "image_url": "http://www.temptalia.com/wp-content/uploads/2015/09/mac_bravered004-400x355.jpg", "price": "$30.00", "price_per_ounce": "NA"}, {"full_text": "Limited Edition. $30.00", "brand": "MAC", "name": "Ethereal Orchid", "url": "http://www.temptalia.com/product/mac-cosmetics-guo-pei-lipstick/ethereal-orchid", "review": "B-", "user_rating": "0", "permanence": "LE", "rgb": [191, 63, 69], "color_name": "pink", "image_url": "http://www.temptalia.com/wp-content/uploads/2015/09/mac_etherealorchid004-400x355.jpg", "price": "$30.00", "price_per_ounce": "NA"}, {"full_text": "Limited Edition. $30.00", "brand": "MAC", "name": "Zenith", "url": "http://www.temptalia.com/product/mac-cosmetics-guo-pei-lipstick/zenith", "review": "B", "user_rating": "0", "permanence": "LE", "rgb": [178, 77, 88], "color_name": "nude", "image_url": "http://www.temptalia.com/wp-content/uploads/2015/09/mac_zenith004-400x355.jpg", "price": "$30.00", "price_per_ounce": "NA"}, {"full_text": "Permanent. $20.00/0.11 oz.", "brand": "Anastasia", "name": "Paint", "url": "http://www.temptalia.com/product/anastasia-liquid-lipstick/paint", "review": "B", "user_rating": "0", "permanence": "P", "rgb": [8, 66, 30], "color_name": "blue", "image_url": "http://www.temptalia.com/wp-content/uploads/2015/09/anastasia_paint005-400x355.jpg", "price": "$20.00", "price_per_ounce": 181.8181818181818}, {"full_text": "Permanent. $20.00/0.11 oz.", "brand": "Anastasia", "name": "Midnight", "url": "http://www.temptalia.com/product/anastasia-liquid-lipstick/midnight", "review": "B", "user_rating": "0", "permanence": "P", "rgb": [14, 8, 10], "color_name": "black", "image_url": "http://www.temptalia.com/wp-content/uploads/2015/09/anastasia_midnight005-400x355.jpg", "price": "$20.00", "price_per_ounce": 181.8181818181818}, {"full_text": "Limited Edition. $17.00/0.10 oz.", "brand": "MAC", "name": "My Inner Femme", "url": "http://www.temptalia.com/product/mac-cosmetics-lipstick/my-inner-femme", "review": "A", "user_rating": "0", "permanence": "LE", "rgb": [174, 24, 24], "color_name": "red", "image_url": "http://www.temptalia.com/wp-content/uploads/2015/09/mac_myinnerfemme004-400x355.jpg", "price": "$17.00", "price_per_ounce": 170.0}, {"full_text": "Limited Edition. $17.00/0.10 oz.", "brand": "MAC", "name": "Self-Aware", "url": "http://www.temptalia.com/product/mac-cosmetics-lipstick/self-aware", "review": "A-", "user_rating": "0", "permanence": "LE", "rgb": [165, 70, 89], "color_name": "nude", "image_url": "http://www.temptalia.com/wp-content/uploads/2015/09/mac_selfaware004-400x355.jpg", "price": "$17.00", "price_per_ounce": 170.0}, {"full_text": "Limited Edition. $17.00/0.10 oz.", "brand": "MAC", "name": "Diva Antics", "url": "http://www.temptalia.com/product/mac-cosmetics-lipstick/diva-antics", "review": "A", "user_rating": "0", "permanence": "LE", "rgb": [113, 24, 17], "color_name": "red", "image_url": "http://www.temptalia.com/wp-content/uploads/2015/09/mac_divaantics004-400x355.jpg", "price": "$17.00", "price_per_ounce": 170.0}, {"full_text": "Limited Edition. $24.00/0.13 oz.", "brand": "Bite Beauty", "name": "Mimosa", "url": "http://www.temptalia.com/product/bite-beauty-luminous-creme-lipstick/mimosa", "review": "A", "user_rating": "0", "permanence": "LE", "rgb": [185, 24, 22], "color_name": "pink", "image_url": "http://www.temptalia.com/wp-content/uploads/2015/09/bitebeauty_mimosa004-400x355.jpg", "price": "$24.00", "price_per_ounce": 184.6153846153846}, {"full_text": "Limited Edition. $19.00/0.07 oz.", "brand": "MAC", "name": "Own the Look", "url": "http://www.temptalia.com/product/mac-cosmetics-mattene/own-the-look", "review": "B+", "user_rating": "0", "permanence": "LE", "rgb": [95, 58, 20], "color_name": "purple", "image_url": "http://www.temptalia.com/wp-content/uploads/2015/09/mac_ownthelook004-400x355.jpg", "price": "$19.00", "price_per_ounce": 271.4285714285714}, {"full_text": "Limited Edition. $19.00/0.07 oz.", "brand": "MAC", "name": "Personal Pick", "url": "http://www.temptalia.com/product/mac-cosmetics-mattene/personal-pick", "review": "B", "user_rating": "0", "permanence": "LE", "rgb": [173, 94, 74], "color_name": "nude", "image_url": "http://www.temptalia.com/wp-content/uploads/2015/09/mac_personalpick004-400x355.jpg", "price": "$19.00", "price_per_ounce": 271.4285714285714}, {"full_text": "Limited Edition. $19.00/0.07 oz.", "brand": "MAC", "name": "Power My Spirit", "url": "http://www.temptalia.com/product/mac-cosmetics-mattene/power-my-spirit", "review": "D", "user_rating": "0", "permanence": "LE", "rgb": [53, 24, 17], "color_name": "burgundy", "image_url": "http://www.temptalia.com/wp-content/uploads/2015/09/mac_powermyspirit004-400x355.jpg", "price": "$19.00", "price_per_ounce": 271.4285714285714}, {"full_text": "Limited Edition. $19.00/0.07 oz.", "brand": "MAC", "name": "Strutting Fabulous", "url": "http://www.temptalia.com/product/mac-cosmetics-mattene/strutting-fabulous", "review": "B+", "user_rating": "0", "permanence": "LE", "rgb": [158, 128, 75], "color_name": "purple", "image_url": "http://www.temptalia.com/wp-content/uploads/2015/09/mac_struttingfabulous004-400x355.jpg", "price": "$19.00", "price_per_ounce": 271.4285714285714}, {"full_text": "Limited Edition. $25.00/0.12 oz.", "brand": "Lipstick Queen", "name": "Frog Prince", "url": "http://www.temptalia.com/product/lipstick-queen-lipstick/frog-prince", "review": "A", "user_rating": "5", "permanence": "LE", "rgb": [164, 60, 60], "color_name": "pink", "image_url": "http://www.temptalia.com/wp-content/uploads/2015/09/lipstickqueen_frogprince007-400x355.jpg", "price": "$25.00", "price_per_ounce": 208.33333333333334}, {"full_text": "Permanent. $90.00/0.13 oz.", "brand": "Christian Louboutin Beaute", "name": "Miss Loubi", "url": "http://www.temptalia.com/product/christian-louboutin-beaute-silky-satin-lip-colour/miss-loubi", "review": "A", "user_rating": "0", "permanence": "P", "rgb": [208, 51, 40], "color_name": "pink", "image_url": "http://www.temptalia.com/wp-content/uploads/2015/09/christianlouboutin_missloubi005-400x355.jpg", "price": "$90.00", "price_per_ounce": 692.3076923076923}, {"full_text": "Permanent. $90.00/0.13 oz.", "brand": "Christian Louboutin Beaute", "name": "Ronron", "url": "http://www.temptalia.com/product/christian-louboutin-beaute-silky-satin-lip-colour/ronron", "review": "C+", "user_rating": "0", "permanence": "P", "rgb": [145, 74, 40], "color_name": "fuchsia", "image_url": "http://www.temptalia.com/wp-content/uploads/2015/09/christianlouboutin_ronron010-400x355.jpg", "price": "$90.00", "price_per_ounce": 692.3076923076923}, {"full_text": "Limited Edition. $36.00/0.15 oz.", "brand": "Bite Beauty", "name": "#009", "url": "http://www.temptalia.com/product/bite-beauty-lip-lab-limited-release-creme-deluxe-lipstick/009-2", "review": "A", "user_rating": "0", "permanence": "LE", "rgb": [153, 20, 7], "color_name": "red", "image_url": "http://www.temptalia.com/wp-content/uploads/2015/09/bitebeauty_009limitedlip005-400x355.jpg", "price": "$36.00", "price_per_ounce": 240.0}, {"full_text": "Permanent. $90.00/0.12 oz.", "brand": "Christian Louboutin Beaute", "name": "Loubiminette", "url": "http://www.temptalia.com/product/christian-louboutin-beaute-sheer-voile-lip-colour/loubiminette", "review": "B+", "user_rating": "0", "permanence": "P", "rgb": [176, 63, 40], "color_name": "pink", "image_url": "http://www.temptalia.com/wp-content/uploads/2015/09/christianlouboutin_loubiminette010-400x355.jpg", "price": "$90.00", "price_per_ounce": 750.0}, {"full_text": "Permanent. $90.00/0.13 oz.", "brand": "Christian Louboutin Beaute", "name": "Eton Moi", "url": "http://www.temptalia.com/product/christian-louboutin-beaute-velvet-matte-lip-colour/eton-moi", "review": "B+", "user_rating": "0", "permanence": "P", "rgb": [56, 19, 14], "color_name": "burgundy", "image_url": "http://www.temptalia.com/wp-content/uploads/2015/09/christianlouboutin_etonmoi012-400x355.jpg", "price": "$90.00", "price_per_ounce": 692.3076923076923}, {"full_text": "Limited Edition. $17.00/0.10 oz.", "brand": "MAC", "name": "Mind Control", "url": "http://www.temptalia.com/product/mac-cosmetics-lipstick/mind-control", "review": "A-", "user_rating": "0", "permanence": "LE", "rgb": [160, 23, 15], "color_name": "red", "image_url": "http://www.temptalia.com/wp-content/uploads/2015/08/mac_mindcontrol004-400x355.jpg", "price": "$17.00", "price_per_ounce": 170.0}, {"full_text": "Limited Edition. $17.00/0.10 oz.", "brand": "MAC", "name": "Which Witch", "url": "http://www.temptalia.com/product/mac-cosmetics-lipstick/which-witch", "review": "C+", "user_rating": "0", "permanence": "LE", "rgb": [48, 24, 16], "color_name": "plum", "image_url": "http://www.temptalia.com/wp-content/uploads/2015/08/mac_whichwitch004-400x355.jpg", "price": "$17.00", "price_per_ounce": 170.0}, {"full_text": "Permanent. $22.00/0.09 oz.", "brand": "Urban Decay", "name": "Sheer Beso", "url": "http://www.temptalia.com/product/urban-decay-sheer-revolution-lipstick/sheer-beso", "review": "A-", "user_rating": "0", "permanence": "P", "rgb": [166, 70, 61], "color_name": "pink", "image_url": "http://www.temptalia.com/wp-content/uploads/2015/08/urbandecay_sheerbeso005-400x355.jpg", "price": "$22.00", "price_per_ounce": 244.44444444444446}, {"full_text": "Permanent. $22.00/0.09 oz.", "brand": "Urban Decay", "name": "Sheer Bittersweet", "url": "http://www.temptalia.com/product/urban-decay-sheer-revolution-lipstick/sheer-bittersweet", "review": "B+", "user_rating": "0", "permanence": "P", "rgb": [173, 93, 55], "color_name": "fuchsia", "image_url": "http://www.temptalia.com/wp-content/uploads/2015/08/urbandecay_sheerbittersweet005-400x355.jpg", "price": "$22.00", "price_per_ounce": 244.44444444444446}, {"full_text": "Permanent. $22.00/0.09 oz.", "brand": "Urban Decay", "name": "Speedball", "url": "http://www.temptalia.com/product/urban-decay-revolution-lipstick/speedball", "review": "B+", "user_rating": "0", "permanence": "P", "rgb": [98, 71, 16], "color_name": "purple", "image_url": "http://www.temptalia.com/wp-content/uploads/2015/08/urbandecay_speedball005-400x355.jpg", "price": "$22.00", "price_per_ounce": 244.44444444444446}, {"full_text": "Limited Edition. $24.00/0.13 oz.", "brand": "Bite Beauty", "name": "Bellini", "url": "http://www.temptalia.com/product/bite-beauty-luminous-creme-lipstick/bellini", "review": "A", "user_rating": "0", "permanence": "LE", "rgb": [202, 71, 23], "color_name": "fuchsia", "image_url": "http://www.temptalia.com/wp-content/uploads/2015/08/bite_bellini006-400x355.jpg", "price": "$24.00", "price_per_ounce": 184.6153846153846}, {"full_text": "Permanent. $5.00/0.04 oz.", "brand": "Colour Pop", "name": "BYOB", "url": "http://www.temptalia.com/product/colour-pop-lippie-stix/byob", "review": "-", "user_rating": "0", "permanence": "P", "rgb": [187, 108, 69], "color_name": "fuchsia", "image_url": "http://www.temptalia.com/wp-content/uploads/2015/08/colourpop_byobsheerlip004-400x355.jpg", "price": "$5.00", "price_per_ounce": 125.0}, {"full_text": "Permanent. $5.00/0.04 oz.", "brand": "Colour Pop", "name": "Crunch", "url": "http://www.temptalia.com/product/colour-pop-lippie-stix/crunch", "review": "-", "user_rating": "0", "permanence": "P", "rgb": [183, 72, 77], "color_name": "nude", "image_url": "http://www.temptalia.com/wp-content/uploads/2015/08/colourpop_crunchsheerlip004-400x355.jpg", "price": "$5.00", "price_per_ounce": 125.0}, {"full_text": "Permanent. $5.00/0.04 oz.", "brand": "Colour Pop", "name": "Juice Bar", "url": "http://www.temptalia.com/product/colour-pop-lippie-stix/juice-bar", "review": "-", "user_rating": "0", "permanence": "P", "rgb": [186, 83, 73], "color_name": "pink", "image_url": "http://www.temptalia.com/wp-content/uploads/2015/08/colourpop_juicebarsheerlip004-400x355.jpg", "price": "$5.00", "price_per_ounce": 125.0}, {"full_text": "Permanent. $5.00/0.04 oz.", "brand": "Colour Pop", "name": "Kiddo", "url": "http://www.temptalia.com/product/colour-pop-lippie-stix/kiddo", "review": "-", "user_rating": "0", "permanence": "P", "rgb": [181, 76, 84], "color_name": "nude", "image_url": "http://www.temptalia.com/wp-content/uploads/2015/08/colourpop_kiddosheerlip004-400x355.jpg", "price": "$5.00", "price_per_ounce": 125.0}, {"full_text": "Permanent. $5.00/0.04 oz.", "brand": "Colour Pop", "name": "Peacocky", "url": "http://www.temptalia.com/product/colour-pop-lippie-stix/peacocky", "review": "-", "user_rating": "0", "permanence": "P", "rgb": [185, 59, 40], "color_name": "pink", "image_url": "http://www.temptalia.com/wp-content/uploads/2015/08/colourpop_peacockysheerlip004-400x355.jpg", "price": "$5.00", "price_per_ounce": 125.0}, {"full_text": "Permanent. $5.00/0.04 oz.", "brand": "Colour Pop", "name": "Safari", "url": "http://www.temptalia.com/product/colour-pop-lippie-stix/safari", "review": "-", "user_rating": "0", "permanence": "P", "rgb": [193, 53, 64], "color_name": "pink", "image_url": "http://www.temptalia.com/wp-content/uploads/2015/08/colourpop_safarisheerlip004-400x355.jpg", "price": "$5.00", "price_per_ounce": 125.0}, {"full_text": "Permanent. $5.00/0.04 oz.", "brand": "Colour Pop", "name": "Tiger", "url": "http://www.temptalia.com/product/colour-pop-lippie-stix/tiger", "review": "-", "user_rating": "0", "permanence": "P", "rgb": [163, 61, 41], "color_name": "red", "image_url": "http://www.temptalia.com/wp-content/uploads/2015/08/colourpop_tigersheerlip004-400x355.jpg", "price": "$5.00", "price_per_ounce": 125.0}, {"full_text": "Permanent. $5.00/0.04 oz.", "brand": "Colour Pop", "name": "Whip", "url": "http://www.temptalia.com/product/colour-pop-lippie-stix/whip", "review": "-", "user_rating": "0", "permanence": "P", "rgb": [182, 90, 51], "color_name": "fuchsia", "image_url": "http://www.temptalia.com/wp-content/uploads/2015/08/colourpop_whipsheerlip004-400x355.jpg", "price": "$5.00", "price_per_ounce": 125.0}, {"full_text": "Limited Edition. $5.00/0.04 oz.", "brand": "Colour Pop", "name": "Contempo", "url": "http://www.temptalia.com/product/colour-pop-lippie-stix/contempo", "review": "A-", "user_rating": "0", "permanence": "LE", "rgb": [181, 94, 79], "color_name": "nude", "image_url": "http://www.temptalia.com/wp-content/uploads/2015/08/colourpop_contempolippie004-400x355.jpg", "price": "$5.00", "price_per_ounce": 125.0}, {"full_text": "Limited Edition. $5.00/0.04 oz.", "brand": "Colour Pop", "name": "Dazed", "url": "http://www.temptalia.com/product/colour-pop-lippie-stix/dazed", "review": "A-", "user_rating": "0", "permanence": "LE", "rgb": [174, 49, 28], "color_name": "red", "image_url": "http://www.temptalia.com/wp-content/uploads/2015/08/colourpop_dazedlippie004-400x355.jpg", "price": "$5.00", "price_per_ounce": 125.0}, {"full_text": "Limited Edition. $5.00/0.04 oz.", "brand": "Colour Pop", "name": "Grunge", "url": "http://www.temptalia.com/product/colour-pop-lippie-stix/grunge", "review": "A-", "user_rating": "5", "permanence": "LE", "rgb": [150, 50, 55], "color_name": "red", "image_url": "http://www.temptalia.com/wp-content/uploads/2015/08/colourpop_grungelippie004-400x355.jpg", "price": "$5.00", "price_per_ounce": 125.0}, {"full_text": "Limited Edition. $5.00/0.04 oz.", "brand": "Colour Pop", "name": "Nevermind", "url": "http://www.temptalia.com/product/colour-pop-lippie-stix/nevermind", "review": "D+", "user_rating": "0", "permanence": "LE", "rgb": [60, 32, 17], "color_name": "plum", "image_url": "http://www.temptalia.com/wp-content/uploads/2015/08/colourpop_nevermindlippie004-400x355.jpg", "price": "$5.00", "price_per_ounce": 125.0}, {"full_text": "Limited Edition. $5.00/0.04 oz.", "brand": "Colour Pop", "name": "Oh Snap", "url": "http://www.temptalia.com/product/colour-pop-lippie-stix/oh-snap", "review": "A-", "user_rating": "0", "permanence": "LE", "rgb": [188, 90, 99], "color_name": "nude", "image_url": "http://www.temptalia.com/wp-content/uploads/2015/08/colourpop_ohsnaplippie004-400x355.jpg", "price": "$5.00", "price_per_ounce": 125.0}, {"full_text": "Limited Edition. $5.00/0.04 oz.", "brand": "Colour Pop", "name": "Poison", "url": "http://www.temptalia.com/product/colour-pop-lippie-stix/poison", "review": "A-", "user_rating": "0", "permanence": "LE", "rgb": [142, 23, 24], "color_name": "red", "image_url": "http://www.temptalia.com/wp-content/uploads/2015/08/colourpop_poisonlippie004-400x355.jpg", "price": "$5.00", "price_per_ounce": 125.0}, {"full_text": "Permanent. $15.00/0.10 oz.", "brand": "Obsessive Compulsive Cosmetics", "name": "Black Dahlia", "url": "http://www.temptalia.com/product/occ-makeup-lip-tarrtw/black-dahlia", "review": "B-", "user_rating": "0", "permanence": "P", "rgb": [37, 8, 5], "color_name": "burgundy", "image_url": "http://www.temptalia.com/wp-content/uploads/2015/08/occ_blackdahliartw004-400x355.jpg", "price": "$15.00", "price_per_ounce": 150.0}, {"full_text": "Permanent. $15.00/0.10 oz.", "brand": "Obsessive Compulsive Cosmetics", "name": "Hollywood", "url": "http://www.temptalia.com/product/occ-makeup-lip-tarrtw/hollywood", "review": "C+", "user_rating": "0", "permanence": "P", "rgb": [194, 108, 125], "color_name": "nude", "image_url": "http://www.temptalia.com/wp-content/uploads/2015/08/occ_hollywood004-400x355.jpg", "price": "$15.00", "price_per_ounce": 150.0}, {"full_text": "Permanent. $15.00/0.10 oz.", "brand": "Obsessive Compulsive Cosmetics", "name": "Memento", "url": "http://www.temptalia.com/product/occ-makeup-lip-tarrtw/memento", "review": "A", "user_rating": "0", "permanence": "P", "rgb": [209, 90, 91], "color_name": "pink", "image_url": "http://www.temptalia.com/wp-content/uploads/2015/08/occ_mementortw004-400x355.jpg", "price": "$15.00", "price_per_ounce": 150.0}, {"full_text": "Permanent. $15.00/0.10 oz.", "brand": "Obsessive Compulsive Cosmetics", "name": "Technopagan", "url": "http://www.temptalia.com/product/occ-makeup-lip-tarrtw/technopagan", "review": "A", "user_rating": "0", "permanence": "P", "rgb": [19, 52, 8], "color_name": "blue", "image_url": "http://www.temptalia.com/wp-content/uploads/2015/08/occ_technopaganrtw004-400x355.jpg", "price": "$15.00", "price_per_ounce": 150.0}, {"full_text": "Limited Edition. $17.00/0.10 oz.", "brand": "MAC", "name": "Viva Glam Miley Cyrus 2", "url": "http://www.temptalia.com/product/mac-cosmetics-lipstick/viva-glam-miley-cyrus-2", "review": "A", "user_rating": "0", "permanence": "LE", "rgb": [210, 30, 35], "color_name": "pink", "image_url": "http://www.temptalia.com/wp-content/uploads/2015/08/mac_vgmiley2lipstick006-400x355.jpg", "price": "$17.00", "price_per_ounce": 170.0}, {"full_text": "Limited Edition. $22.00/0.14 oz.", "brand": "MAC", "name": "Nose for Style", "url": "http://www.temptalia.com/product/mac-cosmetics-mineralize-rich-lipstick/nose-for-style", "review": "A", "user_rating": "0", "permanence": "LE", "rgb": [156, 27, 28], "color_name": "red", "image_url": "http://www.temptalia.com/wp-content/uploads/2015/08/mac_noseforstyle004-400x355.jpg", "price": "$22.00", "price_per_ounce": 157.14285714285714}, {"full_text": "Limited Edition. $22.00/0.14 oz.", "brand": "MAC", "name": "Rare Breed", "url": "http://www.temptalia.com/product/mac-cosmetics-mineralize-rich-lipstick/rare-breed", "review": "A-", "user_rating": "0", "permanence": "LE", "rgb": [184, 81, 84], "color_name": "nude", "image_url": "http://www.temptalia.com/wp-content/uploads/2015/08/mac_rarebreed004-400x355.jpg", "price": "$22.00", "price_per_ounce": 157.14285714285714}, {"full_text": "Limited Edition. $22.00/0.14 oz.", "brand": "MAC", "name": "Barking Gorgeous", "url": "http://www.temptalia.com/product/mac-cosmetics-mineralize-rich-lipstick/barking-gorgeous", "review": "B-", "user_rating": "0", "permanence": "LE", "rgb": [202, 93, 118], "color_name": "orange", "image_url": "http://www.temptalia.com/wp-content/uploads/2015/08/mac_barkinggorgeous004-400x355.jpg", "price": "$22.00", "price_per_ounce": 157.14285714285714}, {"full_text": "Limited Edition. $22.00/0.14 oz.", "brand": "MAC", "name": "Fashion Pack", "url": "http://www.temptalia.com/product/mac-cosmetics-mineralize-rich-lipstick/fashion-pack", "review": "B", "user_rating": "0", "permanence": "LE", "rgb": [185, 98, 108], "color_name": "nude", "image_url": "http://www.temptalia.com/wp-content/uploads/2015/08/mac_fashionpack004-400x355.jpg", "price": "$22.00", "price_per_ounce": 157.14285714285714}, {"full_text": "Limited Edition. $22.00/0.14 oz.", "brand": "MAC", "name": "Labradorable", "url": "http://www.temptalia.com/product/mac-cosmetics-mineralize-rich-lipstick/labradorable", "review": "B+", "user_rating": "0", "permanence": "LE", "rgb": [117, 30, 19], "color_name": "red", "image_url": "http://www.temptalia.com/wp-content/uploads/2015/08/mac_labradorable004-400x355.jpg", "price": "$22.00", "price_per_ounce": 157.14285714285714}, {"full_text": "Permanent. $21.00/0.10 oz.", "brand": "Kat Von D", "name": "Tijuana", "url": "http://www.temptalia.com/product/kat-von-d-studded-kiss-lipstick/tijuana", "review": "A-", "user_rating": "0", "permanence": "P", "rgb": [186, 28, 24], "color_name": "pink", "image_url": "http://www.temptalia.com/wp-content/uploads/2015/08/katvond_tijuana005-400x355.jpg", "price": "$21.00", "price_per_ounce": 210.0}, {"full_text": "Permanent. $21.00/0.10 oz.", "brand": "Kat Von D", "name": "Mercy", "url": "http://www.temptalia.com/product/kat-von-d-studded-kiss-lipstick/mercy", "review": "B+", "user_rating": "0", "permanence": "P", "rgb": [98, 29, 23], "color_name": "red", "image_url": "http://www.temptalia.com/wp-content/uploads/2015/08/katvond_mercy005-400x355.jpg", "price": "$21.00", "price_per_ounce": 210.0}, {"full_text": "Permanent. $21.00/0.10 oz.", "brand": "Kat Von D", "name": "Piaf", "url": "http://www.temptalia.com/product/kat-von-d-studded-kiss-lipstick/piaf", "review": "B-", "user_rating": "4", "permanence": "P", "rgb": [58, 17, 22], "color_name": "burgundy", "image_url": "http://www.temptalia.com/wp-content/uploads/2015/08/katvond_piaf005-400x355.jpg", "price": "$21.00", "price_per_ounce": 210.0}, {"full_text": "Permanent. $21.00/0.10 oz.", "brand": "Kat Von D", "name": "Nayeon", "url": "http://www.temptalia.com/product/kat-von-d-studded-kiss-lipstick/nayeon", "review": "A-", "user_rating": "0", "permanence": "P", "rgb": [39, 24, 25], "color_name": "nude", "image_url": "http://www.temptalia.com/wp-content/uploads/2015/09/katvond_mividalocalipset048-400x355.jpg", "price": "$21.00", "price_per_ounce": 210.0}, {"full_text": "Permanent. $21.00/0.10 oz.", "brand": "Kat Von D", "name": "Plan 9", "url": "http://www.temptalia.com/product/kat-von-d-studded-kiss-lipstick/plan-9", "review": "B", "user_rating": "5", "permanence": "P", "rgb": [41, 62, 80], "color_name": "green", "image_url": "http://www.temptalia.com/wp-content/uploads/2015/08/katvond_plan9005-400x355.jpg", "price": "$21.00", "price_per_ounce": 210.0}, {"full_text": "Permanent. $21.00/0.10 oz.", "brand": "Kat Von D", "name": "Chula", "url": "http://www.temptalia.com/product/kat-von-d-studded-kiss-lipstick/chula", "review": "A", "user_rating": "5", "permanence": "P", "rgb": [175, 29, 37], "color_name": "red", "image_url": "http://www.temptalia.com/wp-content/uploads/2015/08/katvond_chula005-400x355.jpg", "price": "$21.00", "price_per_ounce": 210.0}, {"full_text": "Permanent. $21.00/0.10 oz.", "brand": "Kat Von D", "name": "Halo", "url": "http://www.temptalia.com/product/kat-von-d-studded-kiss-lipstick/halo", "review": "A", "user_rating": "0", "permanence": "P", "rgb": [240, 23, 63], "color_name": "orange", "image_url": "http://www.temptalia.com/wp-content/uploads/2015/08/katvond_halo005-400x355.jpg", "price": "$21.00", "price_per_ounce": 210.0}, {"full_text": "Permanent. $21.00/0.10 oz.", "brand": "Kat Von D", "name": "Solo", "url": "http://www.temptalia.com/product/kat-von-d-studded-kiss-lipstick/solo", "review": "A", "user_rating": "0", "permanence": "P", "rgb": [211, 33, 74], "color_name": "orange", "image_url": "http://www.temptalia.com/wp-content/uploads/2015/08/katvond_solo005-400x355.jpg", "price": "$21.00", "price_per_ounce": 210.0}, {"full_text": "Permanent. $21.00/0.10 oz.", "brand": "Kat Von D", "name": "Magick", "url": "http://www.temptalia.com/product/kat-von-d-studded-kiss-lipstick/magick", "review": "A", "user_rating": "0", "permanence": "P", "rgb": [195, 92, 81], "color_name": "pink", "image_url": "http://www.temptalia.com/wp-content/uploads/2015/08/katvond_magick005-400x355.jpg", "price": "$21.00", "price_per_ounce": 210.0}, {"full_text": "Limited Edition. $8.99/0.21 oz.", "brand": "Milani", "name": "Adore", "url": "http://www.temptalia.com/product/milani-amore-matte-lip-creme/adore", "review": "C", "user_rating": "5", "permanence": "LE", "rgb": [206, 96, 113], "color_name": "pink", "image_url": "http://www.temptalia.com/wp-content/uploads/2015/08/milani_adorelipcreme004-400x355.jpg", "price": "$8.99", "price_per_ounce": 42.80952380952381}, {"full_text": "Limited Edition. $8.99/0.21 oz.", "brand": "Milani", "name": "Lust", "url": "http://www.temptalia.com/product/milani-amore-matte-lip-creme/lust", "review": "A", "user_rating": "5", "permanence": "LE", "rgb": [208, 97, 85], "color_name": "pink", "image_url": "http://www.temptalia.com/wp-content/uploads/2015/08/milani_lustlipcreme004-400x355.jpg", "price": "$8.99", "price_per_ounce": 42.80952380952381}, {"full_text": "Limited Edition. $8.99/0.21 oz.", "brand": "Milani", "name": "Beloved", "url": "http://www.temptalia.com/product/milani-amore-matte-lip-creme/beloved", "review": "A", "user_rating": "5", "permanence": "LE", "rgb": [178, 58, 63], "color_name": "pink", "image_url": "http://www.temptalia.com/wp-content/uploads/2015/08/milani_belovedlipcreme004-400x355.jpg", "price": "$8.99", "price_per_ounce": 42.80952380952381}, {"full_text": "Limited Edition. $8.99/0.21 oz.", "brand": "Milani", "name": "Crush", "url": "http://www.temptalia.com/product/milani-amore-matte-lip-creme/crush", "review": "B+", "user_rating": "0", "permanence": "LE", "rgb": [140, 33, 39], "color_name": "red", "image_url": "http://www.temptalia.com/wp-content/uploads/2015/08/milani_crushlipcreme004-400x355.jpg", "price": "$8.99", "price_per_ounce": 42.80952380952381}, {"full_text": "Limited Edition. $8.99/0.21 oz.", "brand": "Milani", "name": "Desire", "url": "http://www.temptalia.com/product/milani-amore-matte-lip-creme/desire", "review": "A-", "user_rating": "0", "permanence": "LE", "rgb": [189, 29, 24], "color_name": "pink", "image_url": "http://www.temptalia.com/wp-content/uploads/2015/08/milani_desirelipcreme004-400x355.jpg", "price": "$8.99", "price_per_ounce": 42.80952380952381}, {"full_text": "Limited Edition. $8.99/0.21 oz.", "brand": "Milani", "name": "Romance", "url": "http://www.temptalia.com/product/milani-amore-matte-lip-creme/romance", "review": "A-", "user_rating": "0", "permanence": "LE", "rgb": [163, 28, 16], "color_name": "red", "image_url": "http://www.temptalia.com/wp-content/uploads/2015/08/milani_romancelipcreme004-400x355.jpg", "price": "$8.99", "price_per_ounce": 42.80952380952381}, {"full_text": "Limited Edition. $8.99/0.21 oz.", "brand": "Milani", "name": "Embrace", "url": "http://www.temptalia.com/product/milani-amore-matte-lip-creme/embrace", "review": "B+", "user_rating": "0", "permanence": "LE", "rgb": [163, 61, 24], "color_name": "fuchsia", "image_url": "http://www.temptalia.com/wp-content/uploads/2015/08/milani_embracelipcreme004-400x355.jpg", "price": "$8.99", "price_per_ounce": 42.80952380952381}, {"full_text": "Limited Edition. $8.99/0.21 oz.", "brand": "Milani", "name": "Flirt", "url": "http://www.temptalia.com/product/milani-amore-matte-lip-creme/flirt", "review": "B-", "user_rating": "0", "permanence": "LE", "rgb": [110, 29, 17], "color_name": "red", "image_url": "http://www.temptalia.com/wp-content/uploads/2015/08/milani_flirtlipcreme004-400x355.jpg", "price": "$8.99", "price_per_ounce": 42.80952380952381}, {"full_text": "Limited Edition. $6.00/0.11 oz.", "brand": "Colour Pop", "name": "Be-dazzled", "url": "http://www.temptalia.com/product/colour-pop-ultra-matte-liquid-lipstick/be-dazzled", "review": "C+", "user_rating": "0", "permanence": "LE", "rgb": [72, 91, 24], "color_name": "purple", "image_url": "http://www.temptalia.com/wp-content/uploads/2015/08/colourpop_bedazzledultramatte004-400x355.jpg", "price": "$6.00", "price_per_ounce": 54.54545454545455}, {"full_text": "Limited Edition. $6.00/0.11 oz.", "brand": "Colour Pop", "name": "Guess", "url": "http://www.temptalia.com/product/colour-pop-ultra-matte-liquid-lipstick/guess", "review": "B-", "user_rating": "4", "permanence": "LE", "rgb": [59, 47, 37], "color_name": "plum", "image_url": "http://www.temptalia.com/wp-content/uploads/2015/08/colourpop_guessultramatte004-400x355.jpg", "price": "$6.00", "price_per_ounce": 54.54545454545455}, {"full_text": "Limited Edition. $6.00/0.11 oz.", "brand": "Colour Pop", "name": "Beeper", "url": "http://www.temptalia.com/product/colour-pop-ultra-matte-liquid-lipstick/beeper", "review": "A", "user_rating": "5", "permanence": "LE", "rgb": [172, 77, 84], "color_name": "nude", "image_url": "http://www.temptalia.com/wp-content/uploads/2015/08/colourpop_beeperultramatte004-400x355.jpg", "price": "$6.00", "price_per_ounce": 54.54545454545455}, {"full_text": "Limited Edition. $6.00/0.11 oz.", "brand": "Colour Pop", "name": "Clueless", "url": "http://www.temptalia.com/product/colour-pop-ultra-matte-liquid-lipstick/clueless", "review": "C", "user_rating": "0", "permanence": "LE", "rgb": [199, 109, 97], "color_name": "pink", "image_url": "http://www.temptalia.com/wp-content/uploads/2015/08/colourpop_cluelessultramatte004-400x355.jpg", "price": "$6.00", "price_per_ounce": 54.54545454545455}, {"full_text": "Limited Edition. $6.00/0.11 oz.", "brand": "Colour Pop", "name": "Dr. M", "url": "http://www.temptalia.com/product/colour-pop-ultra-matte-liquid-lipstick/dr-m", "review": "A-", "user_rating": "4", "permanence": "LE", "rgb": [2, 46, 42], "color_name": "green", "image_url": "http://www.temptalia.com/wp-content/uploads/2015/08/colourpop_drmultramatte004-400x355.jpg", "price": "$6.00", "price_per_ounce": 54.54545454545455}, {"full_text": "Limited Edition. $6.00/0.11 oz.", "brand": "Colour Pop", "name": "Kapow", "url": "http://www.temptalia.com/product/colour-pop-ultra-matte-liquid-lipstick/kapow", "review": "A-", "user_rating": "3", "permanence": "LE", "rgb": [117, 64, 65], "color_name": "nude", "image_url": "http://www.temptalia.com/wp-content/uploads/2015/08/colourpop_kapowultramatte004-400x355.jpg", "price": "$6.00", "price_per_ounce": 54.54545454545455}, {"full_text": "Limited Edition. $6.00/0.11 oz.", "brand": "Colour Pop", "name": "Mr. Blonde", "url": "http://www.temptalia.com/product/colour-pop-ultra-matte-liquid-lipstick/mr-blonde", "review": "B", "user_rating": "4", "permanence": "LE", "rgb": [20, 210, 151], "color_name": "green", "image_url": "http://www.temptalia.com/wp-content/uploads/2015/08/colourpop_mrblondeultramatte004-400x355.jpg", "price": "$6.00", "price_per_ounce": 54.54545454545455}, {"full_text": "Limited Edition. $6.00/0.11 oz.", "brand": "Colour Pop", "name": "Jellies", "url": "http://www.temptalia.com/product/colour-pop-ultra-matte-liquid-lipstick/jellies", "review": "B", "user_rating": "4", "permanence": "LE", "rgb": [19, 106, 41], "color_name": "blue", "image_url": "http://www.temptalia.com/wp-content/uploads/2015/08/colourpop_jelliesultramatte004-400x355.jpg", "price": "$6.00", "price_per_ounce": 54.54545454545455}, {"full_text": "Permanent. $37.00/0.12 oz.", "brand": "Guerlain", "name": "Orange Fizz", "url": "http://www.temptalia.com/product/guerlain-kisskiss-lipstick/orange-fizz", "review": "A", "user_rating": "0", "permanence": "P", "rgb": [187, 31, 35], "color_name": "pink", "image_url": "http://www.temptalia.com/wp-content/uploads/2015/08/guerlain_orangefizz004-400x355.jpg", "price": "$37.00", "price_per_ounce": 308.33333333333337}, {"full_text": "Limited Edition. $36.00/0.15 oz.", "brand": "Bite Beauty", "name": "#008", "url": "http://www.temptalia.com/product/bite-beauty-lip-lab-limited-release-creme-deluxe-lipstick/008-2", "review": "A", "user_rating": "4", "permanence": "LE", "rgb": [233, 27, 38], "color_name": "pink", "image_url": "http://www.temptalia.com/wp-content/uploads/2015/08/bitebeauty_008sweetclementine007-400x355.jpg", "price": "$36.00", "price_per_ounce": 240.0}, {"full_text": "Permanent. $20.00/0.22 oz.", "brand": "Kat Von D", "name": "Beloved", "url": "http://www.temptalia.com/product/kat-von-d-everlasting-liquid-lipstick/beloved", "review": "A", "user_rating": "4", "permanence": "P", "rgb": [218, 82, 66], "color_name": "pink", "image_url": "http://www.temptalia.com/wp-content/uploads/2015/08/katvond_beloved005-400x355.jpg", "price": "$20.00", "price_per_ounce": 90.9090909090909}, {"full_text": "Permanent. $36.00/0.12 oz.", "brand": "Chanel", "name": "Pensive (162)", "url": "http://www.temptalia.com/product/chanel-rouge-allure-luminous-intense-lip-colour/pensive-162", "review": "D+", "user_rating": "0", "permanence": "P", "rgb": [176, 72, 82], "color_name": "nude", "image_url": "http://www.temptalia.com/wp-content/uploads/2015/08/chanel_162pensive004-400x355.jpg", "price": "$36.00", "price_per_ounce": 300.0}, {"full_text": "Permanent. $36.00/0.12 oz.", "brand": "Chanel", "name": "La Bouleversante (51)", "url": "http://www.temptalia.com/product/chanel-rouge-allure-velvet/la-bouleversante-51", "review": "C", "user_rating": "3", "permanence": "P", "rgb": [182, 34, 26], "color_name": "pink", "image_url": "http://www.temptalia.com/wp-content/uploads/2015/08/chanel_51labouleversante004-400x355.jpg", "price": "$36.00", "price_per_ounce": 300.0}, {"full_text": "Limited Edition. $32.00/0.12 oz.", "brand": "Charlotte Tilbury", "name": "1975 Red", "url": "http://www.temptalia.com/product/charlotte-tilbury-matte-revolution-lipistick/1975-red", "review": "A", "user_rating": "0", "permanence": "LE", "rgb": [193, 26, 27], "color_name": "pink", "image_url": "http://www.temptalia.com/wp-content/uploads/2015/08/charlottetilbury_1975red004-400x355.jpg", "price": "$32.00", "price_per_ounce": 266.6666666666667}, {"full_text": "Limited Edition. $32.00/0.12 oz.", "brand": "Charlotte Tilbury", "name": "Miss Kensington", "url": "http://www.temptalia.com/product/charlotte-tilbury-matte-revolution-lipistick/miss-kensington", "review": "C", "user_rating": "0", "permanence": "LE", "rgb": [196, 84, 94], "color_name": "pink", "image_url": "http://www.temptalia.com/wp-content/uploads/2015/08/charlottetilbury_misskensington004-400x355.jpg", "price": "$32.00", "price_per_ounce": 266.6666666666667}, {"full_text": "Limited Edition. $17.00/0.10 oz.", "brand": "MAC", "name": "Royally Riotous", "url": "http://www.temptalia.com/product/mac-cosmetics-lipstick/royally-riotous", "review": "A-", "user_rating": "0", "permanence": "LE", "rgb": [143, 36, 46], "color_name": "red", "image_url": "http://www.temptalia.com/wp-content/uploads/2015/08/mac_royallyriotous004-400x355.jpg", "price": "$17.00", "price_per_ounce": 170.0}, {"full_text": "Limited Edition. $17.00/0.10 oz.", "brand": "MAC", "name": "Flowerscope", "url": "http://www.temptalia.com/product/mac-cosmetics-lipstick/flowerscope", "review": "B+", "user_rating": "0", "permanence": "LE", "rgb": [203, 65, 21], "color_name": "pink", "image_url": "http://www.temptalia.com/wp-content/uploads/2015/08/mac_flowerscope004-400x355.jpg", "price": "$17.00", "price_per_ounce": 170.0}, {"full_text": "Limited Edition. $17.00/0.10 oz.", "brand": "MAC", "name": "Heaux (Amplified)", "url": "http://www.temptalia.com/product/mac-cosmetics-lipstick/heaux-amplified", "review": "A-", "user_rating": "0", "permanence": "LE", "rgb": [161, 40, 22], "color_name": "red", "image_url": "http://www.temptalia.com/wp-content/uploads/2015/08/mac_heaux004-400x355.jpg", "price": "$17.00", "price_per_ounce": 170.0}, {"full_text": "Limited Edition. $17.00/0.10 oz.", "brand": "MAC", "name": "Quelle Surprise", "url": "http://www.temptalia.com/product/mac-cosmetics-lipstick/quelle-surprise", "review": "B", "user_rating": "0", "permanence": "LE", "rgb": [129, 42, 14], "color_name": "red", "image_url": "http://www.temptalia.com/wp-content/uploads/2015/08/mac_quellesurprise004-400x355.jpg", "price": "$17.00", "price_per_ounce": 170.0}, {"full_text": "Limited Edition. $17.00/0.10 oz.", "brand": "MAC", "name": "How Tropical", "url": "http://www.temptalia.com/product/mac-cosmetics-lipstick/how-tropical", "review": "C+", "user_rating": "0", "permanence": "LE", "rgb": [191, 100, 123], "color_name": "nude", "image_url": "http://www.temptalia.com/wp-content/uploads/2015/08/mac_howtropical004-400x355.jpg", "price": "$17.00", "price_per_ounce": 170.0}, {"full_text": "Permanent. $30.00/0.12 oz.", "brand": "Estee Lauder", "name": "Desirous", "url": "http://www.temptalia.com/product/estee-lauder-pure-color-matte-sculpting-lipstick/desirous", "review": "B+", "user_rating": "0", "permanence": "P", "rgb": [111, 21, 24], "color_name": "red", "image_url": "http://www.temptalia.com/wp-content/uploads/2015/08/esteelauder_desirous004-400x355.jpg", "price": "$30.00", "price_per_ounce": 250.0}, {"full_text": "Permanent. $30.00/0.12 oz.", "brand": "Estee Lauder", "name": "Extrovert", "url": "http://www.temptalia.com/product/estee-lauder-pure-color-matte-sculpting-lipstick/extrovert", "review": "C+", "user_rating": "0", "permanence": "P", "rgb": [58, 36, 16], "color_name": "plum", "image_url": "http://www.temptalia.com/wp-content/uploads/2015/08/esteelauder_extrovert004-400x355.jpg", "price": "$30.00", "price_per_ounce": 250.0}, {"full_text": "Permanent. $30.00/0.12 oz.", "brand": "Estee Lauder", "name": "Decisive Poppy", "url": "http://www.temptalia.com/product/estee-lauder-pure-color-matte-sculpting-lipstick/decisive-poppy", "review": "A", "user_rating": "0", "permanence": "P", "rgb": [176, 26, 20], "color_name": "red", "image_url": "http://www.temptalia.com/wp-content/uploads/2015/08/esteelauder_decisivepoppy004-400x355.jpg", "price": "$30.00", "price_per_ounce": 250.0}, {"full_text": "Permanent. $30.00/0.12 oz.", "brand": "Estee Lauder", "name": "Volatile", "url": "http://www.temptalia.com/product/estee-lauder-pure-color-matte-sculpting-lipstick/volatile", "review": "A", "user_rating": "0", "permanence": "P", "rgb": [227, 25, 32], "color_name": "pink", "image_url": "http://www.temptalia.com/wp-content/uploads/2015/08/esteelauder_volatile004-400x355.jpg", "price": "$30.00", "price_per_ounce": 250.0}, {"full_text": "Permanent. $30.00/0.12 oz.", "brand": "Estee Lauder", "name": "Covetous Nude", "url": "http://www.temptalia.com/product/estee-lauder-pure-color-matte-sculpting-lipstick/covetous-nude", "review": "B", "user_rating": "0", "permanence": "P", "rgb": [187, 73, 93], "color_name": "nude", "image_url": "http://www.temptalia.com/wp-content/uploads/2015/08/esteelauder_covetousnude004-400x355.jpg", "price": "$30.00", "price_per_ounce": 250.0}, {"full_text": "Permanent. $30.00/0.12 oz.", "brand": "Estee Lauder", "name": "Neon Azalea", "url": "http://www.temptalia.com/product/estee-lauder-pure-color-matte-sculpting-lipstick/neon-azalea", "review": "A", "user_rating": "0", "permanence": "P", "rgb": [216, 107, 29], "color_name": "fuchsia", "image_url": "http://www.temptalia.com/wp-content/uploads/2015/08/esteelauder_neonazalea004-400x355.jpg", "price": "$30.00", "price_per_ounce": 250.0}, {"full_text": "Permanent. $30.00/0.12 oz.", "brand": "Estee Lauder", "name": "Furious", "url": "http://www.temptalia.com/product/estee-lauder-pure-color-matte-sculpting-lipstick/furious", "review": "A", "user_rating": "0", "permanence": "P", "rgb": [230, 52, 56], "color_name": "pink", "image_url": "http://www.temptalia.com/wp-content/uploads/2015/08/esteelauder_furious004-400x355.jpg", "price": "$30.00", "price_per_ounce": 250.0}, {"full_text": "Permanent. $30.00/0.12 oz.", "brand": "Estee Lauder", "name": "Commanding", "url": "http://www.temptalia.com/product/estee-lauder-pure-color-matte-sculpting-lipstick/commanding", "review": "C-", "user_rating": "0", "permanence": "P", "rgb": [91, 17, 11], "color_name": "red", "image_url": "http://www.temptalia.com/wp-content/uploads/2015/08/esteelauder_commanding004-400x355.jpg", "price": "$30.00", "price_per_ounce": 250.0}, {"full_text": "Permanent. $30.00/0.12 oz.", "brand": "Estee Lauder", "name": "Unattainable", "url": "http://www.temptalia.com/product/estee-lauder-pure-color-matte-sculpting-lipstick/unattainable", "review": "A-", "user_rating": "0", "permanence": "P", "rgb": [164, 47, 17], "color_name": "red", "image_url": "http://www.temptalia.com/wp-content/uploads/2015/07/esteelauder_unattainable004-400x355.jpg", "price": "$30.00", "price_per_ounce": 250.0}, {"full_text": "Permanent. $30.00/0.12 oz.", "brand": "Estee Lauder", "name": "Shameless Violet", "url": "http://www.temptalia.com/product/estee-lauder-pure-color-matte-sculpting-lipstick/shameless-violet", "review": "A-", "user_rating": "0", "permanence": "P", "rgb": [89, 93, 38], "color_name": "purple", "image_url": "http://www.temptalia.com/wp-content/uploads/2015/07/esteelauder_shamelessviolet004-400x355.jpg", "price": "$30.00", "price_per_ounce": 250.0}, {"full_text": "Permanent. $30.00/0.12 oz.", "brand": "Estee Lauder", "name": "Stronger", "url": "http://www.temptalia.com/product/estee-lauder-pure-color-matte-sculpting-lipstick/stronger", "review": "A-", "user_rating": "0", "permanence": "P", "rgb": [156, 80, 25], "color_name": "fuchsia", "image_url": "http://www.temptalia.com/wp-content/uploads/2015/07/esteelauder_stronger004-400x355.jpg", "price": "$30.00", "price_per_ounce": 250.0}, {"full_text": "Permanent. $17.00/0.10 oz.", "brand": "MAC", "name": "Obi Orange", "url": "http://www.temptalia.com/product/mac-cosmetics-lipstick/obi-orange", "review": "B", "user_rating": "0", "permanence": "P", "rgb": [208, 52, 66], "color_name": "pink", "image_url": "http://www.temptalia.com/wp-content/uploads/2015/07/mac_obiorange004-400x355.jpg", "price": "$17.00", "price_per_ounce": 170.0}, {"full_text": "Permanent. $17.00/0.10 oz.", "brand": "MAC", "name": "Tokyo Tizzy", "url": "http://www.temptalia.com/product/mac-cosmetics-lipstick/tokyo-tizzy", "review": "C+", "user_rating": "0", "permanence": "P", "rgb": [202, 55, 72], "color_name": "pink", "image_url": "http://www.temptalia.com/wp-content/uploads/2015/07/mac_tokyotizzy004-400x355.jpg", "price": "$17.00", "price_per_ounce": 170.0}, {"full_text": "Permanent. $17.00/0.10 oz.", "brand": "MAC", "name": "Little Buddha", "url": "http://www.temptalia.com/product/mac-cosmetics-lipstick/little-buddha", "review": "B", "user_rating": "0", "permanence": "P", "rgb": [201, 93, 69], "color_name": "pink", "image_url": "http://www.temptalia.com/wp-content/uploads/2015/07/mac_littlebuddha004-400x355.jpg", "price": "$17.00", "price_per_ounce": 170.0}, {"full_text": "Permanent. $17.00/0.10 oz.", "brand": "MAC", "name": "Star Magnolia", "url": "http://www.temptalia.com/product/mac-cosmetics-lipstick/star-magnolia", "review": "B-", "user_rating": "0", "permanence": "P", "rgb": [209, 111, 78], "color_name": "fuchsia", "image_url": "http://www.temptalia.com/wp-content/uploads/2015/07/mac_starmagnolia004-400x355.jpg", "price": "$17.00", "price_per_ounce": 170.0}, {"full_text": "Permanent. $17.00/0.10 oz.", "brand": "MAC", "name": "Koi Coral", "url": "http://www.temptalia.com/product/mac-cosmetics-lipstick/koi-coral", "review": "C-", "user_rating": "0", "permanence": "P", "rgb": [190, 79, 83], "color_name": "pink", "image_url": "http://www.temptalia.com/wp-content/uploads/2015/07/mac_koicoral004-400x355.jpg", "price": "$17.00", "price_per_ounce": 170.0}, {"full_text": "Permanent. $17.00/0.10 oz.", "brand": "MAC", "name": "Nippon", "url": "http://www.temptalia.com/product/mac-cosmetics-lipstick/nippon", "review": "B", "user_rating": "0", "permanence": "P", "rgb": [183, 74, 71], "color_name": "nude", "image_url": "http://www.temptalia.com/wp-content/uploads/2015/07/mac_nippon004-400x355.jpg", "price": "$17.00", "price_per_ounce": 170.0}, {"full_text": "Permanent. $17.00/0.10 oz.", "brand": "MAC", "name": "Pickled Plum", "url": "http://www.temptalia.com/product/mac-cosmetics-lipstick/pickled-plum", "review": "B-", "user_rating": "0", "permanence": "P", "rgb": [200, 87, 49], "color_name": "fuchsia", "image_url": "http://www.temptalia.com/wp-content/uploads/2015/07/mac_pickledplum004-400x355.jpg", "price": "$17.00", "price_per_ounce": 170.0}, {"full_text": "Permanent. $17.00/0.10 oz.", "brand": "MAC", "name": "Dozen Carnations", "url": "http://www.temptalia.com/product/mac-cosmetics-lipstick/dozen-carnations", "review": "B+", "user_rating": "0", "permanence": "P", "rgb": [188, 38, 39], "color_name": "pink", "image_url": "http://www.temptalia.com/wp-content/uploads/2015/07/mac_dozencarnations004-400x355.jpg", "price": "$17.00", "price_per_ounce": 170.0}, {"full_text": "Permanent. $17.00/0.10 oz.", "brand": "MAC", "name": "Pretty Boy", "url": "http://www.temptalia.com/product/mac-cosmetics-lipstick/pretty-boy", "review": "B+", "user_rating": "0", "permanence": "P", "rgb": [205, 59, 59], "color_name": "pink", "image_url": "http://www.temptalia.com/wp-content/uploads/2015/07/mac_prettyboy004-400x355.jpg", "price": "$17.00", "price_per_ounce": 170.0}, {"full_text": "Permanent. $17.00/0.10 oz.", "brand": "MAC", "name": "Sweet Sakura", "url": "http://www.temptalia.com/product/mac-cosmetics-lipstick/sweet-sakura", "review": "B+", "user_rating": "0", "permanence": "P", "rgb": [187, 39, 30], "color_name": "pink", "image_url": "http://www.temptalia.com/wp-content/uploads/2015/07/mac_sweetsakura004-400x355.jpg", "price": "$17.00", "price_per_ounce": 170.0}, {"full_text": "Permanent. $22.00/0.09 oz.", "brand": "Urban Decay", "name": "Carnal", "url": "http://www.temptalia.com/product/urban-decay-matte-revolution/carnal", "review": "A", "user_rating": "0", "permanence": "P", "rgb": [176, 52, 66], "color_name": "pink", "image_url": "http://www.temptalia.com/wp-content/uploads/2015/07/urbandecay_carnal005-400x355.jpg", "price": "$22.00", "price_per_ounce": 244.44444444444446}, {"full_text": "Permanent. $22.00/0.09 oz.", "brand": "Urban Decay", "name": "Backtalk", "url": "http://www.temptalia.com/product/urban-decay-matte-revolution/backtalk", "review": "A", "user_rating": "0", "permanence": "P", "rgb": [181, 88, 78], "color_name": "nude", "image_url": "http://www.temptalia.com/wp-content/uploads/2015/07/urbandecay_backtalk005-400x355.jpg", "price": "$22.00", "price_per_ounce": 244.44444444444446}, {"full_text": "Permanent. $20.00/0.22 oz.", "brand": "Kat Von D", "name": "Vampira", "url": "http://www.temptalia.com/product/kat-von-d-everlasting-liquid-lipstick/vampira", "review": "B-", "user_rating": "0", "permanence": "P", "rgb": [66, 13, 16], "color_name": "burgundy", "image_url": "http://www.temptalia.com/wp-content/uploads/2015/07/katvond_vampiraliquid004-400x355.jpg", "price": "$20.00", "price_per_ounce": 90.9090909090909}, {"full_text": "Permanent. $20.00/0.22 oz.", "brand": "Kat Von D", "name": "Bachelorette", "url": "http://www.temptalia.com/product/kat-von-d-everlasting-liquid-lipstick/bachelorette", "review": "A", "user_rating": "5", "permanence": "P", "rgb": [186, 45, 24], "color_name": "pink", "image_url": "http://www.temptalia.com/wp-content/uploads/2015/07/katvond_bacheloretteliquid004-400x355.jpg", "price": "$20.00", "price_per_ounce": 90.9090909090909}, {"full_text": "Permanent. ", "brand": "Laura Geller", "name": "Dragon Fruit Sorbet", "url": "http://www.temptalia.com/product/laura-geller-love-me-dew-lip-crayon/dragon-fruit-sorbet", "review": "A-", "user_rating": "0", "permanence": "P", "rgb": [204, 98, 65], "color_name": "pink", "image_url": "http://www.temptalia.com/wp-content/uploads/2015/07/laurageller_lovemedewtrio020-400x355.jpg", "price": "$0.00", "price_per_ounce": "NA"}, {"full_text": "Limited Edition. ", "brand": "Laura Geller", "name": "Fig Prosecco", "url": "http://www.temptalia.com/product/laura-geller-love-me-dew-lip-crayon/fig-prosecco", "review": "B+", "user_rating": "0", "permanence": "LE", "rgb": [198, 70, 89], "color_name": "pink", "image_url": "http://www.temptalia.com/wp-content/uploads/2015/07/laurageller_lovemedewtrio008-400x355.jpg", "price": "$0.00", "price_per_ounce": "NA"}, {"full_text": "Permanent. ", "brand": "Laura Geller", "name": "Mango Sorbet", "url": "http://www.temptalia.com/product/laura-geller-love-me-dew-lip-crayon/mango-sorbet", "review": "A-", "user_rating": "0", "permanence": "P", "rgb": [200, 72, 74], "color_name": "pink", "image_url": "http://www.temptalia.com/wp-content/uploads/2015/07/laurageller_lovemedewtrio014-400x355.jpg", "price": "$0.00", "price_per_ounce": "NA"}, {"full_text": "Limited Edition. $25.00/0.09 oz.", "brand": "NARS", "name": "Provocative Red", "url": "http://www.temptalia.com/product/nars-cosmetics-velvet-matte-lip-pencil/provocative-red", "review": "A-", "user_rating": "0", "permanence": "LE", "rgb": [150, 42, 33], "color_name": "red", "image_url": "http://www.temptalia.com/wp-content/uploads/2015/07/nars_truenarsset023-400x355.jpg", "price": "$25.00", "price_per_ounce": 277.77777777777777}, {"full_text": "Limited Edition. $24.00/0.15 oz.", "brand": "Bite Beauty", "name": "Braised Maple", "url": "http://www.temptalia.com/product/bite-beauty-matte-creme-lipstick/braised-maple", "review": "A", "user_rating": "0", "permanence": "LE", "rgb": [155, 22, 23], "color_name": "red", "image_url": "http://www.temptalia.com/wp-content/uploads/2015/07/bitebeauty_braisedmaple004-400x355.jpg", "price": "$24.00", "price_per_ounce": 160.0}, {"full_text": "Limited Edition. $24.00/0.15 oz.", "brand": "Bite Beauty", "name": "Candied Maple", "url": "http://www.temptalia.com/product/bite-beauty-matte-creme-lipstick/candied-maple", "review": "A", "user_rating": "0", "permanence": "LE", "rgb": [202, 25, 21], "color_name": "pink", "image_url": "http://www.temptalia.com/wp-content/uploads/2015/07/bitebeauty_candiedmaple004-400x355.jpg", "price": "$24.00", "price_per_ounce": 160.0}, {"full_text": "Limited Edition. $24.00/0.15 oz.", "brand": "Bite Beauty", "name": "Mulled Maple", "url": "http://www.temptalia.com/product/bite-beauty-matte-creme-lipstick/mulled-maple", "review": "B-", "user_rating": "0", "permanence": "LE", "rgb": [108, 15, 7], "color_name": "red", "image_url": "http://www.temptalia.com/wp-content/uploads/2015/07/bitebeauty_mulledmaple004-400x355.jpg", "price": "$24.00", "price_per_ounce": 160.0}, {"full_text": "Limited Edition. $24.00/0.15 oz.", "brand": "Bite Beauty", "name": "Sugared Maple", "url": "http://www.temptalia.com/product/bite-beauty-matte-creme-lipstick/sugared-maple", "review": "B", "user_rating": "0", "permanence": "LE", "rgb": [122, 32, 9], "color_name": "red", "image_url": "http://www.temptalia.com/wp-content/uploads/2015/07/bitebeauty_sugaredmaple004-400x355.jpg", "price": "$24.00", "price_per_ounce": 160.0}, {"full_text": "Limited Edition. $24.00/0.15 oz.", "brand": "Bite Beauty", "name": "Warmed Maple", "url": "http://www.temptalia.com/product/bite-beauty-matte-creme-lipstick/warmed-maple", "review": "A", "user_rating": "0", "permanence": "LE", "rgb": [224, 28, 47], "color_name": "pink", "image_url": "http://www.temptalia.com/wp-content/uploads/2015/07/bitebeauty_warmedmaple004-400x355.jpg", "price": "$24.00", "price_per_ounce": 160.0}, {"full_text": "Permanent. $20.00/0.22 oz.", "brand": "Kat Von D", "name": "Witches", "url": "http://www.temptalia.com/product/kat-von-d-everlasting-liquid-lipstick/witches", "review": "A-", "user_rating": "0", "permanence": "P", "rgb": [29, 19, 21], "color_name": "black", "image_url": "http://www.temptalia.com/wp-content/uploads/2015/07/katvond_witchesliquid004-400x355.jpg", "price": "$20.00", "price_per_ounce": 90.9090909090909}, {"full_text": "Permanent. $20.00/0.22 oz.", "brand": "Kat Von D", "name": "Exorcism", "url": "http://www.temptalia.com/product/kat-von-d-everlasting-liquid-lipstick/exorcism", "review": "B", "user_rating": "3", "permanence": "P", "rgb": [103, 37, 29], "color_name": "red", "image_url": "http://www.temptalia.com/wp-content/uploads/2015/07/katvond_exorcismliquid004-400x355.jpg", "price": "$20.00", "price_per_ounce": 90.9090909090909}, {"full_text": "Permanent. $20.00/0.22 oz.", "brand": "Kat Von D", "name": "Lolita", "url": "http://www.temptalia.com/product/kat-von-d-everlasting-liquid-lipstick/lolita", "review": "A", "user_rating": "4", "permanence": "P", "rgb": [165, 64, 68], "color_name": "nude", "image_url": "http://www.temptalia.com/wp-content/uploads/2015/07/katvond_lolitaliquid004-400x355.jpg", "price": "$20.00", "price_per_ounce": 90.9090909090909}, {"full_text": "Permanent. $20.00/0.22 oz.", "brand": "Kat Von D", "name": "Lovesick", "url": "http://www.temptalia.com/product/kat-von-d-everlasting-liquid-lipstick/lovesick", "review": "A-", "user_rating": "0", "permanence": "P", "rgb": [195, 116, 90], "color_name": "pink", "image_url": "http://www.temptalia.com/wp-content/uploads/2015/07/katvond_lovesickliquid004-400x355.jpg", "price": "$20.00", "price_per_ounce": 90.9090909090909}, {"full_text": "Permanent. $20.00/0.22 oz.", "brand": "Kat Von D", "name": "Melancholia", "url": "http://www.temptalia.com/product/kat-von-d-everlasting-liquid-lipstick/melancholia", "review": "A", "user_rating": "0", "permanence": "P", "rgb": [230, 136, 116], "color_name": "pink", "image_url": "http://www.temptalia.com/wp-content/uploads/2015/07/katvond_melancholialiquid004-400x355.jpg", "price": "$20.00", "price_per_ounce": 90.9090909090909}, {"full_text": "Permanent. $20.00/0.22 oz.", "brand": "Kat Von D", "name": "Mother", "url": "http://www.temptalia.com/product/kat-von-d-everlasting-liquid-lipstick/mother", "review": "A-", "user_rating": "0", "permanence": "P", "rgb": [201, 97, 61], "color_name": "fuchsia", "image_url": "http://www.temptalia.com/wp-content/uploads/2015/07/katvond_motherliquid004-400x355.jpg", "price": "$20.00", "price_per_ounce": 90.9090909090909}, {"full_text": "Permanent. $20.00/0.22 oz.", "brand": "Kat Von D", "name": "Noble", "url": "http://www.temptalia.com/product/kat-von-d-everlasting-liquid-lipstick/noble", "review": "C+", "user_rating": "0", "permanence": "P", "rgb": [214, 108, 126], "color_name": "orange", "image_url": "http://www.temptalia.com/wp-content/uploads/2015/07/katvond_nobleliquid004-400x355.jpg", "price": "$20.00", "price_per_ounce": 90.9090909090909}, {"full_text": "Permanent. $20.00/0.22 oz.", "brand": "Kat Von D", "name": "Nosferatu", "url": "http://www.temptalia.com/product/kat-von-d-everlasting-liquid-lipstick/nosferatu", "review": "B+", "user_rating": "5", "permanence": "P", "rgb": [133, 23, 21], "color_name": "red", "image_url": "http://www.temptalia.com/wp-content/uploads/2015/07/katvond_nosferatuliquid004-400x355.jpg", "price": "$20.00", "price_per_ounce": 90.9090909090909}, {"full_text": "Permanent. $20.00/0.22 oz.", "brand": "Kat Von D", "name": "Requiem", "url": "http://www.temptalia.com/product/kat-von-d-everlasting-liquid-lipstick/requiem", "review": "A-", "user_rating": "0", "permanence": "P", "rgb": [189, 134, 116], "color_name": "nude", "image_url": "http://www.temptalia.com/wp-content/uploads/2015/07/katvond_requieumliquid004-400x355.jpg", "price": "$20.00", "price_per_ounce": 90.9090909090909}, {"full_text": "Permanent. $20.00/0.22 oz.", "brand": "Kat Von D", "name": "Santa Sangre", "url": "http://www.temptalia.com/product/kat-von-d-everlasting-liquid-lipstick/santa-sangre", "review": "A", "user_rating": "0", "permanence": "P", "rgb": [183, 34, 36], "color_name": "pink", "image_url": "http://www.temptalia.com/wp-content/uploads/2015/07/katvond_santasangreliquid004-400x355.jpg", "price": "$20.00", "price_per_ounce": 90.9090909090909}, {"full_text": "Permanent. $20.00/0.22 oz.", "brand": "Kat Von D", "name": "Bow 'n' Arrow", "url": "http://www.temptalia.com/product/kat-von-d-everlasting-liquid-lipstick/bow-n-arrow", "review": "A-", "user_rating": "4", "permanence": "P", "rgb": [170, 72, 84], "color_name": "nude", "image_url": "http://www.temptalia.com/wp-content/uploads/2015/07/katvond_bownarrowliquid004-400x355.jpg", "price": "$20.00", "price_per_ounce": 90.9090909090909}, {"full_text": "Permanent. $20.00/0.22 oz.", "brand": "Kat Von D", "name": "Damned", "url": "http://www.temptalia.com/product/kat-von-d-everlasting-liquid-lipstick/damned", "review": "B", "user_rating": "4", "permanence": "P", "rgb": [50, 15, 18], "color_name": "burgundy", "image_url": "http://www.temptalia.com/wp-content/uploads/2015/07/katvond_damnedliquid004-400x355.jpg", "price": "$20.00", "price_per_ounce": 90.9090909090909}, {"full_text": "Permanent. $20.00/0.22 oz.", "brand": "Kat Von D", "name": "Double Dare", "url": "http://www.temptalia.com/product/kat-von-d-everlasting-liquid-lipstick/double-dare", "review": "A", "user_rating": "5", "permanence": "P", "rgb": [190, 70, 70], "color_name": "pink", "image_url": "http://www.temptalia.com/wp-content/uploads/2015/07/katvond_doubledareliquid004-400x355.jpg", "price": "$20.00", "price_per_ounce": 90.9090909090909}, {"full_text": "Permanent. $20.00/0.22 oz.", "brand": "Kat Von D", "name": "Echo", "url": "http://www.temptalia.com/product/kat-von-d-everlasting-liquid-lipstick/echo", "review": "B", "user_rating": "0", "permanence": "P", "rgb": [50, 78, 39], "color_name": "blue", "image_url": "http://www.temptalia.com/wp-content/uploads/2015/07/katvond_echoliquid004-400x355.jpg", "price": "$20.00", "price_per_ounce": 90.9090909090909}, {"full_text": "Permanent. $20.00/0.22 oz.", "brand": "Kat Von D", "name": "Ayesha", "url": "http://www.temptalia.com/product/kat-von-d-everlasting-liquid-lipstick/ayesha", "review": "B-", "user_rating": "4", "permanence": "P", "rgb": [130, 106, 67], "color_name": "purple", "image_url": "http://www.temptalia.com/wp-content/uploads/2015/07/katvond_ayeshaliquid004-400x355.jpg", "price": "$20.00", "price_per_ounce": 90.9090909090909}, {"full_text": "Limited Edition. $17.00/0.10 oz.", "brand": "MAC", "name": "Naked Dream", "url": "http://www.temptalia.com/product/mac-cosmetics-lipstick/naked-dream", "review": "B", "user_rating": "0", "permanence": "LE", "rgb": [203, 112, 114], "color_name": "pink", "image_url": "http://www.temptalia.com/wp-content/uploads/2015/07/mac_stylemaven030-400x355.jpg", "price": "$17.00", "price_per_ounce": 170.0}, {"full_text": "Limited Edition. $24.00/0.14 oz.", "brand": "Bite Beauty", "name": "Opal", "url": "http://www.temptalia.com/product/bite-beauty-creme-lipstick/opal", "review": "B+", "user_rating": "0", "permanence": "LE", "rgb": [184, 110, 103], "color_name": "nude", "image_url": "http://www.temptalia.com/wp-content/uploads/2015/07/bitebeauty_opalcremelipstick006-400x355.jpg", "price": "$24.00", "price_per_ounce": 171.42857142857142}, {"full_text": "Limited Edition. $17.00/0.10 oz.", "brand": "MAC", "name": "Love Happens", "url": "http://www.temptalia.com/product/mac-cosmetics-lipstick/love-happens", "review": "C", "user_rating": "0", "permanence": "LE", "rgb": [201, 104, 113], "color_name": "pink", "image_url": "http://www.temptalia.com/wp-content/uploads/2015/07/mac_sophisticatekit028-400x355.jpg", "price": "$17.00", "price_per_ounce": 170.0}, {"full_text": "Limited Edition. $17.00/0.10 oz.", "brand": "MAC", "name": "Pretty Natural", "url": "http://www.temptalia.com/product/mac-cosmetics-lipstick/pretty-natural", "review": "B", "user_rating": "0", "permanence": "LE", "rgb": [198, 97, 104], "color_name": "pink", "image_url": "http://www.temptalia.com/wp-content/uploads/2015/07/mac_prettynaturalkit007-400x355.jpg", "price": "$17.00", "price_per_ounce": 170.0}, {"full_text": "Permanent. $22.00/0.09 oz.", "brand": "Urban Decay", "name": "Temper", "url": "http://www.temptalia.com/product/urban-decay-matte-revolution/temper", "review": "A+", "user_rating": "5", "permanence": "P", "rgb": [185, 27, 31], "color_name": "pink", "image_url": "http://www.temptalia.com/wp-content/uploads/2015/07/urbandecay_temper005-400x355.jpg", "price": "$22.00", "price_per_ounce": 244.44444444444446}, {"full_text": "Permanent. $22.00/0.09 oz.", "brand": "Urban Decay", "name": "Tilt", "url": "http://www.temptalia.com/product/urban-decay-matte-revolution/tilt", "review": "A", "user_rating": "0", "permanence": "P", "rgb": [231, 47, 42], "color_name": "pink", "image_url": "http://www.temptalia.com/wp-content/uploads/2015/07/urbandecay_tilt005-400x355.jpg", "price": "$22.00", "price_per_ounce": 244.44444444444446}, {"full_text": "Permanent. $22.00/0.09 oz.", "brand": "Urban Decay", "name": "Bad Blood", "url": "http://www.temptalia.com/product/urban-decay-matte-revolution/bad-blood", "review": "A", "user_rating": "5", "permanence": "P", "rgb": [154, 13, 15], "color_name": "red", "image_url": "http://www.temptalia.com/wp-content/uploads/2015/07/urbandecay_badblood005-400x355.jpg", "price": "$22.00", "price_per_ounce": 244.44444444444446}, {"full_text": "Permanent. $22.00/0.09 oz.", "brand": "Urban Decay", "name": "Blackmail", "url": "http://www.temptalia.com/product/urban-decay-matte-revolution/blackmail", "review": "B+", "user_rating": "0", "permanence": "P", "rgb": [31, 10, 10], "color_name": "burgundy", "image_url": "http://www.temptalia.com/wp-content/uploads/2015/07/urbandecay_blackmail005-400x355.jpg", "price": "$22.00", "price_per_ounce": 244.44444444444446}, {"full_text": "Permanent. $22.00/0.09 oz.", "brand": "Urban Decay", "name": "1993", "url": "http://www.temptalia.com/product/urban-decay-matte-revolution/1993-2", "review": "A", "user_rating": "0", "permanence": "P", "rgb": [147, 49, 62], "color_name": "red", "image_url": "http://www.temptalia.com/wp-content/uploads/2015/07/urbandecay_1993005-400x355.jpg", "price": "$22.00", "price_per_ounce": 244.44444444444446}, {"full_text": "Permanent. $22.00/0.09 oz.", "brand": "Urban Decay", "name": "Stark Naked", "url": "http://www.temptalia.com/product/urban-decay-matte-revolution/stark-naked", "review": "B", "user_rating": "0", "permanence": "P", "rgb": [200, 80, 105], "color_name": "orange", "image_url": "http://www.temptalia.com/wp-content/uploads/2015/07/urbandecay_starknaked005-400x355.jpg", "price": "$22.00", "price_per_ounce": 244.44444444444446}, {"full_text": "Permanent. $22.00/0.09 oz.", "brand": "Urban Decay", "name": "After Dark", "url": "http://www.temptalia.com/product/urban-decay-matte-revolution/after-dark", "review": "A", "user_rating": "5", "permanence": "P", "rgb": [144, 51, 16], "color_name": "fuchsia", "image_url": "http://www.temptalia.com/wp-content/uploads/2015/07/urbandecay_afterdark005-400x355.jpg", "price": "$22.00", "price_per_ounce": 244.44444444444446}, {"full_text": "Permanent. $22.00/0.09 oz.", "brand": "Urban Decay", "name": "Bittersweet", "url": "http://www.temptalia.com/product/urban-decay-matte-revolution/bittersweet", "review": "A", "user_rating": "5", "permanence": "P", "rgb": [183, 115, 51], "color_name": "fuchsia", "image_url": "http://www.temptalia.com/wp-content/uploads/2015/07/urbandecay_bittersweet005-400x355.jpg", "price": "$22.00", "price_per_ounce": 244.44444444444446}, {"full_text": "Permanent. $22.00/0.09 oz.", "brand": "Urban Decay", "name": "Menace", "url": "http://www.temptalia.com/product/urban-decay-matte-revolution/menace", "review": "A-", "user_rating": "5", "permanence": "P", "rgb": [216, 89, 11], "color_name": "fuchsia", "image_url": "http://www.temptalia.com/wp-content/uploads/2015/07/urbandecay_menace005-400x355.jpg", "price": "$22.00", "price_per_ounce": 244.44444444444446}, {"full_text": "Limited Edition. $36.00/0.15 oz.", "brand": "Bite Beauty", "name": "#007", "url": "http://www.temptalia.com/product/bite-beauty-lip-lab-limited-release-creme-deluxe-lipstick/007-2", "review": "A", "user_rating": "0", "permanence": "LE", "rgb": [194, 115, 52], "color_name": "fuchsia", "image_url": "http://www.temptalia.com/wp-content/uploads/2015/07/bitebeauty_007limitedliplab006-400x355.jpg", "price": "$36.00", "price_per_ounce": 240.0}, {"full_text": "Permanent. $26.00/0.12 oz.", "brand": "NARS", "name": "VIP Red", "url": "http://www.temptalia.com/product/nars-cosmetics-lipstick/vip-red", "review": "A-", "user_rating": "0", "permanence": "P", "rgb": [133, 19, 21], "color_name": "red", "image_url": "http://www.temptalia.com/wp-content/uploads/2015/07/nars_vipred004-400x355.jpg", "price": "$26.00", "price_per_ounce": 216.66666666666669}, {"full_text": "Limited Edition. $24.00/0.15 oz.", "brand": "Bite Beauty", "name": "Black Cherry", "url": "http://www.temptalia.com/product/bite-beauty-matte-creme-lipstick/black-cherry", "review": "B-", "user_rating": "0", "permanence": "LE", "rgb": [93, 13, 9], "color_name": "burgundy", "image_url": "http://www.temptalia.com/wp-content/uploads/2015/06/bitebeauty_blackcherry004-400x355.jpg", "price": "$24.00", "price_per_ounce": 160.0}, {"full_text": "Limited Edition. $24.00/0.15 oz.", "brand": "Bite Beauty", "name": "Elderberry", "url": "http://www.temptalia.com/product/bite-beauty-matte-creme-lipstick/elderberry", "review": "C", "user_rating": "0", "permanence": "LE", "rgb": [52, 16, 9], "color_name": "burgundy", "image_url": "http://www.temptalia.com/wp-content/uploads/2015/06/bitebeauty_elderberry004-400x355.jpg", "price": "$24.00", "price_per_ounce": 160.0}, {"full_text": "Limited Edition. $24.00/0.15 oz.", "brand": "Bite Beauty", "name": "Juniper", "url": "http://www.temptalia.com/product/bite-beauty-matte-creme-lipstick/juniper", "review": "A", "user_rating": "0", "permanence": "LE", "rgb": [166, 44, 14], "color_name": "red", "image_url": "http://www.temptalia.com/wp-content/uploads/2015/06/bitebeauty_juniper004-400x355.jpg", "price": "$24.00", "price_per_ounce": 160.0}, {"full_text": "Limited Edition. $24.00/0.15 oz.", "brand": "Bite Beauty", "name": "Plum", "url": "http://www.temptalia.com/product/bite-beauty-matte-creme-lipstick/plum", "review": "B+", "user_rating": "0", "permanence": "LE", "rgb": [101, 23, 12], "color_name": "red", "image_url": "http://www.temptalia.com/wp-content/uploads/2015/06/bitebeauty_plum004-400x355.jpg", "price": "$24.00", "price_per_ounce": 160.0}, {"full_text": "Limited Edition. $24.00/0.15 oz.", "brand": "Bite Beauty", "name": "Barberry", "url": "http://www.temptalia.com/product/bite-beauty-matte-creme-lipstick/barberry", "review": "A", "user_rating": "5", "permanence": "LE", "rgb": [153, 66, 26], "color_name": "fuchsia", "image_url": "http://www.temptalia.com/wp-content/uploads/2015/06/bitebeauty_barberry004-400x355.jpg", "price": "$24.00", "price_per_ounce": 160.0}, {"full_text": "Permanent. $7.99/0.15 oz.", "brand": "Maybelline", "name": "Blushing Pout", "url": "http://www.temptalia.com/product/maybelline-color-sensational-creamy-matte-lip-color/blushing-pout", "review": "B+", "user_rating": "4", "permanence": "P", "rgb": [201, 129, 104], "color_name": "fuchsia", "image_url": "http://www.temptalia.com/wp-content/uploads/2015/06/maybelline_682blushingpout004-400x355.jpg", "price": "$7.99", "price_per_ounce": 53.26666666666667}, {"full_text": "Permanent. $7.99/0.15 oz.", "brand": "Maybelline", "name": "Burgundy Blush", "url": "http://www.temptalia.com/product/maybelline-color-sensational-creamy-matte-lip-color/burgundy-blush", "review": "B", "user_rating": "5", "permanence": "P", "rgb": [104, 20, 19], "color_name": "red", "image_url": "http://www.temptalia.com/wp-content/uploads/2015/06/maybelline_696burgundyblush004-400x355.jpg", "price": "$7.99", "price_per_ounce": 53.26666666666667}, {"full_text": "Permanent. $7.99/0.15 oz.", "brand": "Maybelline", "name": "Nude Nuance", "url": "http://www.temptalia.com/product/maybelline-color-sensational-creamy-matte-lip-color/nude-nuance", "review": "A-", "user_rating": "4", "permanence": "P", "rgb": [163, 54, 61], "color_name": "pink", "image_url": "http://www.temptalia.com/wp-content/uploads/2015/06/maybelline_567nudenuance004-400x355.jpg", "price": "$7.99", "price_per_ounce": 53.26666666666667}, {"full_text": "Permanent. $7.99/0.15 oz.", "brand": "Maybelline", "name": "Clay Crush", "url": "http://www.temptalia.com/product/maybelline-color-sensational-creamy-matte-lip-color/clay-crush", "review": "B+", "user_rating": "4", "permanence": "P", "rgb": [190, 65, 81], "color_name": "pink", "image_url": "http://www.temptalia.com/wp-content/uploads/2015/06/maybelline_656claycrush004-400x355.jpg", "price": "$7.99", "price_per_ounce": 53.26666666666667}, {"full_text": "Permanent. $7.99/0.15 oz.", "brand": "Maybelline", "name": "Rich Ruby", "url": "http://www.temptalia.com/product/maybelline-color-sensational-creamy-matte-lip-color/rich-ruby", "review": "A", "user_rating": "0", "permanence": "P", "rgb": [174, 31, 13], "color_name": "red", "image_url": "http://www.temptalia.com/wp-content/uploads/2015/06/maybelline_691richruby004-400x355.jpg", "price": "$7.99", "price_per_ounce": 53.26666666666667}, {"full_text": "Permanent. $7.99/0.15 oz.", "brand": "Maybelline", "name": "All Fired Up", "url": "http://www.temptalia.com/product/maybelline-color-sensational-creamy-matte-lip-color/all-fired-up", "review": "A-", "user_rating": "4", "permanence": "P", "rgb": [213, 55, 26], "color_name": "pink", "image_url": "http://www.temptalia.com/wp-content/uploads/2015/06/maybelline_687allfiredup004-400x355.jpg", "price": "$7.99", "price_per_ounce": 53.26666666666667}, {"full_text": "Permanent. $7.99/0.15 oz.", "brand": "Maybelline", "name": "Pink Sugar", "url": "http://www.temptalia.com/product/maybelline-color-sensational-creamy-matte-lip-color/pink-sugar", "review": "B+", "user_rating": "0", "permanence": "P", "rgb": [233, 128, 87], "color_name": "fuchsia", "image_url": "http://www.temptalia.com/wp-content/uploads/2015/06/maybelline_686pinksugar004-400x355.jpg", "price": "$7.99", "price_per_ounce": 53.26666666666667}, {"full_text": "Permanent. $7.99/0.15 oz.", "brand": "Maybelline", "name": "Electric Pink", "url": "http://www.temptalia.com/product/maybelline-color-sensational-creamy-matte-lip-color/electric-pink", "review": "A-", "user_rating": "0", "permanence": "P", "rgb": [225, 148, 71], "color_name": "purple", "image_url": "http://www.temptalia.com/wp-content/uploads/2015/06/maybelline_684electricpink004-400x355.jpg", "price": "$7.99", "price_per_ounce": 53.26666666666667}, {"full_text": "Permanent. $7.99/0.15 oz.", "brand": "Maybelline", "name": "Pink 'n Chic", "url": "http://www.temptalia.com/product/maybelline-color-sensational-creamy-matte-lip-color/pink-n-chic", "review": "B+", "user_rating": "0", "permanence": "P", "rgb": [231, 173, 108], "color_name": "purple", "image_url": "http://www.temptalia.com/wp-content/uploads/2015/06/maybelline_683pinknchic004-400x355.jpg", "price": "$7.99", "price_per_ounce": 53.26666666666667}, {"full_text": "Permanent. $7.99/0.15 oz.", "brand": "Maybelline", "name": "Vibrant Violet", "url": "http://www.temptalia.com/product/maybelline-color-sensational-creamy-matte-lip-color/vibrant-violet", "review": "A-", "user_rating": "3", "permanence": "P", "rgb": [146, 105, 36], "color_name": "purple", "image_url": "http://www.temptalia.com/wp-content/uploads/2015/06/maybelline_681vibrantviolet004-400x355.jpg", "price": "$7.99", "price_per_ounce": 53.26666666666667}, {"full_text": "Permanent. $6.00/0.11 oz.", "brand": "Colour Pop", "name": "Buds", "url": "http://www.temptalia.com/product/colour-pop-ultra-matte-liquid-lipstick/buds", "review": "B+", "user_rating": "3", "permanence": "P", "rgb": [227, 140, 63], "color_name": "fuchsia", "image_url": "http://www.temptalia.com/wp-content/uploads/2015/06/colourpop_buds004-400x355.jpg", "price": "$6.00", "price_per_ounce": 54.54545454545455}, {"full_text": "Permanent. $6.00/0.11 oz.", "brand": "Colour Pop", "name": "Mars", "url": "http://www.temptalia.com/product/colour-pop-ultra-matte-liquid-lipstick/mars", "review": "B+", "user_rating": "5", "permanence": "P", "rgb": [204, 58, 17], "color_name": "pink", "image_url": "http://www.temptalia.com/wp-content/uploads/2015/06/colourpop_mars004-400x355.jpg", "price": "$6.00", "price_per_ounce": 54.54545454545455}, {"full_text": "Permanent. $6.00/0.11 oz.", "brand": "Colour Pop", "name": "Highball", "url": "http://www.temptalia.com/product/colour-pop-ultra-matte-liquid-lipstick/highball", "review": "A-", "user_rating": "3", "permanence": "P", "rgb": [222, 82, 12], "color_name": "fuchsia", "image_url": "http://www.temptalia.com/wp-content/uploads/2015/06/colourpop_highball004-400x355.jpg", "price": "$6.00", "price_per_ounce": 54.54545454545455}, {"full_text": "Permanent. $6.00/0.11 oz.", "brand": "Colour Pop", "name": "Ouiji", "url": "http://www.temptalia.com/product/colour-pop-ultra-matte-liquid-lipstick/ouiji", "review": "A-", "user_rating": "5", "permanence": "P", "rgb": [219, 65, 44], "color_name": "pink", "image_url": "http://www.temptalia.com/wp-content/uploads/2015/06/colourpop_ouiji004-400x355.jpg", "price": "$6.00", "price_per_ounce": 54.54545454545455}, {"full_text": "Permanent. $6.00/0.11 oz.", "brand": "Colour Pop", "name": "Pacific", "url": "http://www.temptalia.com/product/colour-pop-ultra-matte-liquid-lipstick/pacific", "review": "B-", "user_rating": "0", "permanence": "P", "rgb": [222, 47, 61], "color_name": "pink", "image_url": "http://www.temptalia.com/wp-content/uploads/2015/06/colourpop_pacific004-400x355.jpg", "price": "$6.00", "price_per_ounce": 54.54545454545455}, {"full_text": "Permanent. $6.00/0.11 oz.", "brand": "Colour Pop", "name": "Succulent", "url": "http://www.temptalia.com/product/colour-pop-ultra-matte-liquid-lipstick/succulent", "review": "A-", "user_rating": "5", "permanence": "P", "rgb": [213, 37, 31], "color_name": "pink", "image_url": "http://www.temptalia.com/wp-content/uploads/2015/06/colourpop_succulent004-400x355.jpg", "price": "$6.00", "price_per_ounce": 54.54545454545455}, {"full_text": "Permanent. $6.00/0.11 oz.", "brand": "Colour Pop", "name": "Creeper", "url": "http://www.temptalia.com/product/colour-pop-ultra-matte-liquid-lipstick/creeper", "review": "A-", "user_rating": "5", "permanence": "P", "rgb": [178, 32, 20], "color_name": "red", "image_url": "http://www.temptalia.com/wp-content/uploads/2015/06/colourpop_creeper004-400x355.jpg", "price": "$6.00", "price_per_ounce": 54.54545454545455}, {"full_text": "Permanent. $6.00/0.11 oz.", "brand": "Colour Pop", "name": "Avenue", "url": "http://www.temptalia.com/product/colour-pop-ultra-matte-liquid-lipstick/avenue", "review": "B+", "user_rating": "0", "permanence": "P", "rgb": [133, 28, 21], "color_name": "red", "image_url": "http://www.temptalia.com/wp-content/uploads/2015/06/colourpop_avenue004-400x355.jpg", "price": "$6.00", "price_per_ounce": 54.54545454545455}, {"full_text": "Permanent. $6.00/0.11 oz.", "brand": "Colour Pop", "name": "Lax", "url": "http://www.temptalia.com/product/colour-pop-ultra-matte-liquid-lipstick/lax", "review": "C", "user_rating": "0", "permanence": "P", "rgb": [66, 16, 16], "color_name": "burgundy", "image_url": "http://www.temptalia.com/wp-content/uploads/2015/06/colourpop_lax004-400x355.jpg", "price": "$6.00", "price_per_ounce": 54.54545454545455}, {"full_text": "Permanent. $6.00/0.11 oz.", "brand": "Colour Pop", "name": "Limbo", "url": "http://www.temptalia.com/product/colour-pop-ultra-matte-liquid-lipstick/limbo", "review": "B+", "user_rating": "0", "permanence": "P", "rgb": [99, 28, 37], "color_name": "red", "image_url": "http://www.temptalia.com/wp-content/uploads/2015/06/colourpop_limboo004-400x355.jpg", "price": "$6.00", "price_per_ounce": 54.54545454545455}, {"full_text": "Permanent. $6.00/0.11 oz.", "brand": "Colour Pop", "name": "Tulle", "url": "http://www.temptalia.com/product/colour-pop-ultra-matte-liquid-lipstick/tulle", "review": "A-", "user_rating": "4", "permanence": "P", "rgb": [132, 46, 41], "color_name": "red", "image_url": "http://www.temptalia.com/wp-content/uploads/2015/06/colourpop_tulle004-400x355.jpg", "price": "$6.00", "price_per_ounce": 54.54545454545455}, {"full_text": "Permanent. $6.00/0.11 oz.", "brand": "Colour Pop", "name": "Midi", "url": "http://www.temptalia.com/product/colour-pop-ultra-matte-liquid-lipstick/midi", "review": "C", "user_rating": "4", "permanence": "P", "rgb": [203, 119, 122], "color_name": "nude", "image_url": "http://www.temptalia.com/wp-content/uploads/2015/06/colourpop_midi004-400x355.jpg", "price": "$6.00", "price_per_ounce": 54.54545454545455}, {"full_text": "Permanent. $6.00/0.11 oz.", "brand": "Colour Pop", "name": "Trap", "url": "http://www.temptalia.com/product/colour-pop-ultra-matte-liquid-lipstick/trap", "review": "A-", "user_rating": "0", "permanence": "P", "rgb": [157, 87, 83], "color_name": "nude", "image_url": "http://www.temptalia.com/wp-content/uploads/2015/06/colourpop_trap004-400x355.jpg", "price": "$6.00", "price_per_ounce": 54.54545454545455}, {"full_text": "Permanent. $6.00/0.11 oz.", "brand": "Colour Pop", "name": "Shimmy", "url": "http://www.temptalia.com/product/colour-pop-ultra-matte-liquid-lipstick/shimmy", "review": "A-", "user_rating": "3", "permanence": "P", "rgb": [215, 132, 121], "color_name": "pink", "image_url": "http://www.temptalia.com/wp-content/uploads/2015/06/colourpop_shimmy004-400x355.jpg", "price": "$6.00", "price_per_ounce": 54.54545454545455}, {"full_text": "Permanent. $6.00/0.11 oz.", "brand": "Colour Pop", "name": "Solow", "url": "http://www.temptalia.com/product/colour-pop-ultra-matte-liquid-lipstick/solow", "review": "A", "user_rating": "4", "permanence": "P", "rgb": [205, 102, 94], "color_name": "pink", "image_url": "http://www.temptalia.com/wp-content/uploads/2015/06/colourpop_solow004-400x355.jpg", "price": "$6.00", "price_per_ounce": 54.54545454545455}, {"full_text": "Permanent. $6.00/0.11 oz.", "brand": "Colour Pop", "name": "1st Base", "url": "http://www.temptalia.com/product/colour-pop-ultra-matte-liquid-lipstick/1st-base", "review": "B", "user_rating": "5", "permanence": "P", "rgb": [220, 116, 90], "color_name": "pink", "image_url": "http://www.temptalia.com/wp-content/uploads/2015/06/colourpop_1stbase004-400x355.jpg", "price": "$6.00", "price_per_ounce": 54.54545454545455}, {"full_text": "Permanent. $6.00/0.11 oz.", "brand": "Colour Pop", "name": "Donut", "url": "http://www.temptalia.com/product/colour-pop-ultra-matte-liquid-lipstick/donut", "review": "A-", "user_rating": "5", "permanence": "P", "rgb": [217, 93, 82], "color_name": "pink", "image_url": "http://www.temptalia.com/wp-content/uploads/2015/06/colourpop_donut004-400x355.jpg", "price": "$6.00", "price_per_ounce": 54.54545454545455}, {"full_text": "Permanent. $6.00/0.11 oz.", "brand": "Colour Pop", "name": "Bumble", "url": "http://www.temptalia.com/product/colour-pop-ultra-matte-liquid-lipstick/bumble", "review": "A", "user_rating": "5", "permanence": "P", "rgb": [192, 68, 66], "color_name": "pink", "image_url": "http://www.temptalia.com/wp-content/uploads/2015/06/colourpop_bumble004-400x355.jpg", "price": "$6.00", "price_per_ounce": 54.54545454545455}, {"full_text": "Permanent. $6.00/0.11 oz.", "brand": "Colour Pop", "name": "Seesaw", "url": "http://www.temptalia.com/product/colour-pop-ultra-matte-liquid-lipstick/seesaw", "review": "D+", "user_rating": "0", "permanence": "P", "rgb": [212, 147, 110], "color_name": "fuchsia", "image_url": "http://www.temptalia.com/wp-content/uploads/2015/06/colourpop_seesaw004-400x355.jpg", "price": "$6.00", "price_per_ounce": 54.54545454545455}, {"full_text": "Permanent. $6.00/0.11 oz.", "brand": "Colour Pop", "name": "Koala", "url": "http://www.temptalia.com/product/colour-pop-ultra-matte-liquid-lipstick/koala", "review": "C+", "user_rating": "0", "permanence": "P", "rgb": [199, 176, 118], "color_name": "purple", "image_url": "http://www.temptalia.com/wp-content/uploads/2015/06/colourpop_koala004-400x355.jpg", "price": "$6.00", "price_per_ounce": 54.54545454545455}, {"full_text": "Permanent. $6.00/0.11 oz.", "brand": "Colour Pop", "name": "Zipper", "url": "http://www.temptalia.com/product/colour-pop-ultra-matte-liquid-lipstick/zipper", "review": "C", "user_rating": "0", "permanence": "P", "rgb": [102, 66, 24], "color_name": "purple", "image_url": "http://www.temptalia.com/wp-content/uploads/2015/06/colourpop_zipper004-400x355.jpg", "price": "$6.00", "price_per_ounce": 54.54545454545455}, {"full_text": "Permanent. $6.00/0.11 oz.", "brand": "Colour Pop", "name": "Lychee", "url": "http://www.temptalia.com/product/colour-pop-ultra-matte-liquid-lipstick/lychee", "review": "B", "user_rating": "4", "permanence": "P", "rgb": [160, 103, 37], "color_name": "purple", "image_url": "http://www.temptalia.com/wp-content/uploads/2015/06/colourpop_lychee004-400x355.jpg", "price": "$6.00", "price_per_ounce": 54.54545454545455}, {"full_text": "Permanent. $6.00/0.11 oz.", "brand": "Colour Pop", "name": "Drive In", "url": "http://www.temptalia.com/product/colour-pop-ultra-matte-liquid-lipstick/drive-in", "review": "A-", "user_rating": "0", "permanence": "P", "rgb": [174, 105, 36], "color_name": "purple", "image_url": "http://www.temptalia.com/wp-content/uploads/2015/06/colourpop_drivein004-400x355.jpg", "price": "$6.00", "price_per_ounce": 54.54545454545455}, {"full_text": "Permanent. $6.00/0.11 oz.", "brand": "Colour Pop", "name": "Sundae", "url": "http://www.temptalia.com/product/colour-pop-ultra-matte-liquid-lipstick/sundae", "review": "A-", "user_rating": "2", "permanence": "P", "rgb": [208, 104, 25], "color_name": "fuchsia", "image_url": "http://www.temptalia.com/wp-content/uploads/2015/06/colourpop_sundae004-400x355.jpg", "price": "$6.00", "price_per_ounce": 54.54545454545455}, {"full_text": "Permanent. $6.00/0.11 oz.", "brand": "Colour Pop", "name": "Vice", "url": "http://www.temptalia.com/product/colour-pop-ultra-matte-liquid-lipstick/vice", "review": "C", "user_rating": "0", "permanence": "P", "rgb": [208, 123, 130], "color_name": "pink", "image_url": "http://www.temptalia.com/wp-content/uploads/2015/06/colourpop_vice004-400x355.jpg", "price": "$6.00", "price_per_ounce": 54.54545454545455}, {"full_text": "Permanent. $36.00/0.07 oz.", "brand": "Givenchy", "name": "Rose Fantaisie (202)", "url": "http://www.temptalia.com/product/givenchy-le-rouge-a-porter/rose-fantaisie-202", "review": "C+", "user_rating": "4", "permanence": "P", "rgb": [195, 109, 100], "color_name": "nude", "image_url": "http://www.temptalia.com/wp-content/uploads/2015/06/givenchy_202rosefantaisie004-400x355.jpg", "price": "$36.00", "price_per_ounce": 514.2857142857142}, {"full_text": "Permanent. $36.00/0.07 oz.", "brand": "Givenchy", "name": "Moka Imprime (304)", "url": "http://www.temptalia.com/product/givenchy-le-rouge-a-porter/moka-imprime-304", "review": "B", "user_rating": "0", "permanence": "P", "rgb": [176, 61, 63], "color_name": "pink", "image_url": "http://www.temptalia.com/wp-content/uploads/2015/06/givenchy_304mokaimprime004-400x355.jpg", "price": "$36.00", "price_per_ounce": 514.2857142857142}, {"full_text": "Permanent. $36.00/0.07 oz.", "brand": "Givenchy", "name": "Rose Perfecto (204)", "url": "http://www.temptalia.com/product/givenchy-le-rouge-a-porter/rose-perfecto-204", "review": "B+", "user_rating": "0", "permanence": "P", "rgb": [198, 90, 71], "color_name": "pink", "image_url": "http://www.temptalia.com/wp-content/uploads/2015/05/givenchy_204roseperfecto004-400x355.jpg", "price": "$36.00", "price_per_ounce": 514.2857142857142}, {"full_text": "Permanent. $36.00/0.07 oz.", "brand": "Givenchy", "name": "Corail Decollete (206)", "url": "http://www.temptalia.com/product/givenchy-le-rouge-a-porter/corail-decollete-206", "review": "A-", "user_rating": "0", "permanence": "P", "rgb": [202, 78, 78], "color_name": "pink", "image_url": "http://www.temptalia.com/wp-content/uploads/2015/05/givenchy_206coraildecollete004-400x355.jpg", "price": "$36.00", "price_per_ounce": 514.2857142857142}, {"full_text": "Permanent. $36.00/0.07 oz.", "brand": "Givenchy", "name": "Rouge Atelier (302)", "url": "http://www.temptalia.com/product/givenchy-le-rouge-a-porter/rouge-atelier-302", "review": "B+", "user_rating": "0", "permanence": "P", "rgb": [196, 47, 42], "color_name": "pink", "image_url": "http://www.temptalia.com/wp-content/uploads/2015/05/givenchy_302rougeatelier004-400x355.jpg", "price": "$36.00", "price_per_ounce": 514.2857142857142}, {"full_text": "Permanent. $36.00/0.07 oz.", "brand": "Givenchy", "name": "Beige Plumetis (103)", "url": "http://www.temptalia.com/product/givenchy-le-rouge-a-porter/beige-plumetis-103", "review": "B-", "user_rating": "0", "permanence": "P", "rgb": [193, 93, 106], "color_name": "nude", "image_url": "http://www.temptalia.com/wp-content/uploads/2015/06/givenchy_103beigeplumetisporter004-400x355.jpg", "price": "$36.00", "price_per_ounce": 514.2857142857142}, {"full_text": "Limited Edition. $17.00/0.10 oz.", "brand": "MAC", "name": "Tats", "url": "http://www.temptalia.com/product/mac-cosmetics-lipstick/tats", "review": "A", "user_rating": "0", "permanence": "LE", "rgb": [217, 76, 21], "color_name": "fuchsia", "image_url": "http://www.temptalia.com/wp-content/uploads/2015/06/mac_tats004-400x355.jpg", "price": "$17.00", "price_per_ounce": 170.0}, {"full_text": "Limited Edition. $17.00/0.10 oz.", "brand": "MAC", "name": "Charlotte", "url": "http://www.temptalia.com/product/mac-cosmetics-lipstick/charlotte", "review": "A", "user_rating": "0", "permanence": "LE", "rgb": [170, 22, 14], "color_name": "red", "image_url": "http://www.temptalia.com/wp-content/uploads/2015/06/mac_charlotte004-400x355.jpg", "price": "$17.00", "price_per_ounce": 170.0}, {"full_text": "Limited Edition. $17.00/0.10 oz.", "brand": "MAC", "name": "Eugenie", "url": "http://www.temptalia.com/product/mac-cosmetics-lipstick/eugenie", "review": "B-", "user_rating": "5", "permanence": "LE", "rgb": [83, 18, 11], "color_name": "burgundy", "image_url": "http://www.temptalia.com/wp-content/uploads/2015/06/mac_eugenie004-400x355.jpg", "price": "$17.00", "price_per_ounce": 170.0}, {"full_text": "Limited Edition. $17.00/0.10 oz.", "brand": "MAC", "name": "Margherita", "url": "http://www.temptalia.com/product/mac-cosmetics-lipstick/margherita", "review": "A", "user_rating": "0", "permanence": "LE", "rgb": [230, 76, 95], "color_name": "pink", "image_url": "http://www.temptalia.com/wp-content/uploads/2015/06/mac_margherita004-400x355.jpg", "price": "$17.00", "price_per_ounce": 170.0}, {"full_text": "Limited Edition. $17.00/0.10 oz.", "brand": "MAC", "name": "Bianca B", "url": "http://www.temptalia.com/product/mac-cosmetics-lipstick/bianca-b", "review": "B-", "user_rating": "0", "permanence": "LE", "rgb": [217, 177, 158], "color_name": "fuchsia", "image_url": "http://www.temptalia.com/wp-content/uploads/2015/06/mac_biancab004-400x355.jpg", "price": "$17.00", "price_per_ounce": 170.0}, {"full_text": "Permanent. $22.00/0.12 oz.", "brand": "Besame", "name": "American Beauty 1945", "url": "http://www.temptalia.com/product/besame-classic-color-lipstick/american-beauty-1945", "review": "A", "user_rating": "0", "permanence": "P", "rgb": [176, 24, 8], "color_name": "red", "image_url": "http://www.temptalia.com/wp-content/uploads/2015/06/besame_americanbeauty004-400x355.jpg", "price": "$22.00", "price_per_ounce": 183.33333333333334}, {"full_text": "Permanent. $22.00/0.12 oz.", "brand": "Besame", "name": "Besame Red 1920", "url": "http://www.temptalia.com/product/besame-classic-color-lipstick/besame-red-1920", "review": "A", "user_rating": "1", "permanence": "P", "rgb": [190, 26, 15], "color_name": "pink", "image_url": "http://www.temptalia.com/wp-content/uploads/2015/06/besame_besamered004-400x355.jpg", "price": "$22.00", "price_per_ounce": 183.33333333333334}, {"full_text": "Limited Edition. $36.00/0.15 oz.", "brand": "Bite Beauty", "name": "#006", "url": "http://www.temptalia.com/product/bite-beauty-lip-lab-limited-release-creme-deluxe-lipstick/006-2", "review": "A-", "user_rating": "0", "permanence": "LE", "rgb": [229, 76, 65], "color_name": "pink", "image_url": "http://www.temptalia.com/wp-content/uploads/2015/06/bitebeauty_006shade007-400x355.jpg", "price": "$36.00", "price_per_ounce": 240.0}, {"full_text": "Permanent. $7.99/0.15 oz.", "brand": "Maybelline", "name": "Daringly Nude", "url": "http://www.temptalia.com/product/maybelline-color-sensational-creamy-matte-lip-color/daringly-nude", "review": "B", "user_rating": "4", "permanence": "P", "rgb": [206, 97, 110], "color_name": "pink", "image_url": "http://www.temptalia.com/wp-content/uploads/2015/06/maybelline_655daringlynude004-400x355.jpg", "price": "$7.99", "price_per_ounce": 53.26666666666667}, {"full_text": "Permanent. $7.99/0.15 oz.", "brand": "Maybelline", "name": "Touch of Spice", "url": "http://www.temptalia.com/product/maybelline-color-sensational-creamy-matte-lip-color/touch-of-spice", "review": "A-", "user_rating": "4", "permanence": "P", "rgb": [184, 72, 63], "color_name": "pink", "image_url": "http://www.temptalia.com/wp-content/uploads/2015/06/maybelline_660touchofspice004-400x355.jpg", "price": "$7.99", "price_per_ounce": 53.26666666666667}, {"full_text": "Permanent. $7.99/0.15 oz.", "brand": "Maybelline", "name": "Lust for Blush", "url": "http://www.temptalia.com/product/maybelline-color-sensational-creamy-matte-lip-color/lust-for-blush", "review": "B", "user_rating": "4", "permanence": "P", "rgb": [200, 112, 82], "color_name": "fuchsia", "image_url": "http://www.temptalia.com/wp-content/uploads/2015/06/maybelline_665lustforblush004-400x355.jpg", "price": "$7.99", "price_per_ounce": 53.26666666666667}, {"full_text": "Permanent. $7.99/0.15 oz.", "brand": "Maybelline", "name": "Ravishing Rose", "url": "http://www.temptalia.com/product/maybelline-color-sensational-creamy-matte-lip-color/ravishing-rose", "review": "B+", "user_rating": "4", "permanence": "P", "rgb": [220, 133, 93], "color_name": "fuchsia", "image_url": "http://www.temptalia.com/wp-content/uploads/2015/06/maybelline_670ravishingrose004-400x355.jpg", "price": "$7.99", "price_per_ounce": 53.26666666666667}, {"full_text": "Permanent. $7.99/0.15 oz.", "brand": "Maybelline", "name": "Faint for Fuchsia", "url": "http://www.temptalia.com/product/maybelline-color-sensational-creamy-matte-lip-color/faint-for-fuchsia", "review": "A", "user_rating": "4", "permanence": "P", "rgb": [229, 113, 40], "color_name": "fuchsia", "image_url": "http://www.temptalia.com/wp-content/uploads/2015/06/maybelline_675faintforfuchsia004-400x355.jpg", "price": "$7.99", "price_per_ounce": 53.26666666666667}, {"full_text": "Permanent. $7.99/0.15 oz.", "brand": "Maybelline", "name": "Mesmerizing Magenta", "url": "http://www.temptalia.com/product/maybelline-color-sensational-creamy-matte-lip-color/mesmerizing-magenta", "review": "A", "user_rating": "5", "permanence": "P", "rgb": [208, 68, 25], "color_name": "pink", "image_url": "http://www.temptalia.com/wp-content/uploads/2015/06/maybelline_680mesmerizingmagenta004-400x355.jpg", "price": "$7.99", "price_per_ounce": 53.26666666666667}, {"full_text": "Permanent. $7.99/0.15 oz.", "brand": "Maybelline", "name": "Craving Coral", "url": "http://www.temptalia.com/product/maybelline-color-sensational-creamy-matte-lip-color/craving-coral", "review": "A", "user_rating": "4", "permanence": "P", "rgb": [213, 25, 33], "color_name": "pink", "image_url": "http://www.temptalia.com/wp-content/uploads/2015/06/maybelline_685cravingcoral004-400x355.jpg", "price": "$7.99", "price_per_ounce": 53.26666666666667}, {"full_text": "Permanent. $7.99/0.15 oz.", "brand": "Maybelline", "name": "Siren in Scarlet", "url": "http://www.temptalia.com/product/maybelline-color-sensational-creamy-matte-lip-color/siren-in-scarlet", "review": "A", "user_rating": "5", "permanence": "P", "rgb": [193, 19, 16], "color_name": "pink", "image_url": "http://www.temptalia.com/wp-content/uploads/2015/06/maybelline_690sireninscarlet004-400x355.jpg", "price": "$7.99", "price_per_ounce": 53.26666666666667}, {"full_text": "Permanent. $7.99/0.15 oz.", "brand": "Maybelline", "name": "Divine Wine", "url": "http://www.temptalia.com/product/maybelline-color-sensational-creamy-matte-lip-color/divine-wine", "review": "A", "user_rating": "5", "permanence": "P", "rgb": [119, 19, 18], "color_name": "red", "image_url": "http://www.temptalia.com/wp-content/uploads/2015/06/maybelline_695divinewine004-400x355.jpg", "price": "$7.99", "price_per_ounce": 53.26666666666667}, {"full_text": "Permanent. $7.99/0.15 oz.", "brand": "Maybelline", "name": "Nude Embrace", "url": "http://www.temptalia.com/product/maybelline-color-sensational-creamy-matte-lip-color/nude-embrace", "review": "B", "user_rating": "0", "permanence": "P", "rgb": [200, 92, 114], "color_name": "nude", "image_url": "http://www.temptalia.com/wp-content/uploads/2015/06/maybelline_650nudeembrace004-400x355.jpg", "price": "$7.99", "price_per_ounce": 53.26666666666667}, {"full_text": "Permanent. $18.00/0.13 oz.", "brand": "Clinique", "name": "Wow Pop", "url": "http://www.temptalia.com/product/clinique-pop-lip-colour-primer-lipstick/wow-pop", "review": "B+", "user_rating": "0", "permanence": "P", "rgb": [218, 137, 77], "color_name": "fuchsia", "image_url": "http://www.temptalia.com/wp-content/uploads/2015/06/clinique_wowpop004-400x355.jpg", "price": "$18.00", "price_per_ounce": 138.46153846153845}, {"full_text": "Permanent. $18.00/0.13 oz.", "brand": "Clinique", "name": "Melon Pop", "url": "http://www.temptalia.com/product/clinique-pop-lip-colour-primer-lipstick/melon-pop", "review": "C", "user_rating": "0", "permanence": "P", "rgb": [217, 94, 101], "color_name": "pink", "image_url": "http://www.temptalia.com/wp-content/uploads/2015/06/clinique_05melonpop004-400x355.jpg", "price": "$18.00", "price_per_ounce": 138.46153846153845}, {"full_text": "Permanent. $18.00/0.13 oz.", "brand": "Clinique", "name": "Poppy Pop", "url": "http://www.temptalia.com/product/clinique-pop-lip-colour-primer-lipstick/poppy-pop", "review": "B+", "user_rating": "4", "permanence": "P", "rgb": [219, 43, 42], "color_name": "pink", "image_url": "http://www.temptalia.com/wp-content/uploads/2015/06/clinique_06poppypop004-400x355.jpg", "price": "$18.00", "price_per_ounce": 138.46153846153845}, {"full_text": "Permanent. $18.00/0.13 oz.", "brand": "Clinique", "name": "Sweet Pop", "url": "http://www.temptalia.com/product/clinique-pop-lip-colour-primer-lipstick/sweet-pop", "review": "B", "user_rating": "0", "permanence": "P", "rgb": [216, 111, 83], "color_name": "pink", "image_url": "http://www.temptalia.com/wp-content/uploads/2015/06/clinique_09sweetpop004-400x355.jpg", "price": "$18.00", "price_per_ounce": 138.46153846153845}, {"full_text": "Permanent. $18.00/0.13 oz.", "brand": "Clinique", "name": "Love Pop", "url": "http://www.temptalia.com/product/clinique-pop-lip-colour-primer-lipstick/love-pop", "review": "B", "user_rating": "0", "permanence": "P", "rgb": [196, 60, 40], "color_name": "pink", "image_url": "http://www.temptalia.com/wp-content/uploads/2015/06/clinique_13lovepop004-400x355.jpg", "price": "$18.00", "price_per_ounce": 138.46153846153845}, {"full_text": "Permanent. $18.00/0.13 oz.", "brand": "Clinique", "name": "Plum Pop", "url": "http://www.temptalia.com/product/clinique-pop-lip-colour-primer-lipstick/plum-pop", "review": "B-", "user_rating": "5", "permanence": "P", "rgb": [201, 91, 70], "color_name": "pink", "image_url": "http://www.temptalia.com/wp-content/uploads/2015/06/clinique_14plumpop004-400x355.jpg", "price": "$18.00", "price_per_ounce": 138.46153846153845}, {"full_text": "Permanent. $18.00/0.13 oz.", "brand": "Clinique", "name": "Grape Pop", "url": "http://www.temptalia.com/product/clinique-pop-lip-colour-primer-lipstick/grape-pop", "review": "B", "user_rating": "0", "permanence": "P", "rgb": [189, 112, 68], "color_name": "fuchsia", "image_url": "http://www.temptalia.com/wp-content/uploads/2015/06/clinique_16grapepop004-400x355.jpg", "price": "$18.00", "price_per_ounce": 138.46153846153845}, {"full_text": "Permanent. $18.00/0.13 oz.", "brand": "Clinique", "name": "Cherry Pop", "url": "http://www.temptalia.com/product/clinique-pop-lip-colour-primer-lipstick/cherry-pop", "review": "A-", "user_rating": "0", "permanence": "P", "rgb": [195, 29, 10], "color_name": "pink", "image_url": "http://www.temptalia.com/wp-content/uploads/2015/06/clinique_cherrypop004-400x355.jpg", "price": "$18.00", "price_per_ounce": 138.46153846153845}, {"full_text": "Permanent. $21.00/0.40 oz.", "brand": "Too Faced", "name": "Melted Melon", "url": "http://www.temptalia.com/product/too-faced-melted-liquified-long-wear-lipstick/melted-melon", "review": "A", "user_rating": "5", "permanence": "P", "rgb": [244, 60, 58], "color_name": "pink", "image_url": "http://www.temptalia.com/wp-content/uploads/2015/05/toofaced_meltedmelon004-400x355.jpg", "price": "$21.00", "price_per_ounce": 52.5}, {"full_text": "Permanent. $21.00/0.40 oz.", "brand": "Too Faced", "name": "Melted Frosting", "url": "http://www.temptalia.com/product/too-faced-melted-liquified-long-wear-lipstick/melted-frosting", "review": "B+", "user_rating": "0", "permanence": "P", "rgb": [243, 150, 125], "color_name": "pink", "image_url": "http://www.temptalia.com/wp-content/uploads/2015/05/toofaced_meltedfrosting004-400x355.jpg", "price": "$21.00", "price_per_ounce": 52.5}, {"full_text": "Permanent. $21.00/0.40 oz.", "brand": "Too Faced", "name": "Melted Sugar", "url": "http://www.temptalia.com/product/too-faced-melted-liquified-long-wear-lipstick/melted-sugar", "review": "B+", "user_rating": "0", "permanence": "P", "rgb": [210, 120, 135], "color_name": "nude", "image_url": "http://www.temptalia.com/wp-content/uploads/2015/05/toofaced_meltedsugar004-400x355.jpg", "price": "$21.00", "price_per_ounce": 52.5}, {"full_text": "Permanent. $21.00/0.40 oz.", "brand": "Too Faced", "name": "Melted Velvet", "url": "http://www.temptalia.com/product/too-faced-melted-liquified-long-wear-lipstick/melted-velvet", "review": "A-", "user_rating": "0", "permanence": "P", "rgb": [138, 18, 13], "color_name": "red", "image_url": "http://www.temptalia.com/wp-content/uploads/2015/05/toofaced_meltedvelvet004-400x355.jpg", "price": "$21.00", "price_per_ounce": 52.5}, {"full_text": "Permanent. $21.00/0.40 oz.", "brand": "Too Faced", "name": "Melted Chihuahua", "url": "http://www.temptalia.com/product/too-faced-melted-liquified-long-wear-lipstick/melted-chihuahua", "review": "A", "user_rating": "0", "permanence": "P", "rgb": [194, 72, 90], "color_name": "pink", "image_url": "http://www.temptalia.com/wp-content/uploads/2015/05/toofaced_meltedchihuahua004-400x355.jpg", "price": "$21.00", "price_per_ounce": 52.5}, {"full_text": "Permanent. $20.00/0.22 oz.", "brand": "Kat Von D", "name": "Jeffree", "url": "http://www.temptalia.com/product/kat-von-d-everlasting-liquid-lipstick/jeffree", "review": "A-", "user_rating": "0", "permanence": "P", "rgb": [223, 89, 70], "color_name": "pink", "image_url": "http://www.temptalia.com/wp-content/uploads/2015/05/katvond_jeffreeliquid004-400x355.jpg", "price": "$20.00", "price_per_ounce": 90.9090909090909}, {"full_text": "Permanent. $20.00/0.22 oz.", "brand": "Kat Von D", "name": "Outlaw", "url": "http://www.temptalia.com/product/kat-von-d-everlasting-liquid-lipstick/outlaw", "review": "A", "user_rating": "0", "permanence": "P", "rgb": [186, 22, 17], "color_name": "red", "image_url": "http://www.temptalia.com/wp-content/uploads/2015/05/katvond_outlawliquid004-400x355.jpg", "price": "$20.00", "price_per_ounce": 90.9090909090909}, {"full_text": "Permanent. $20.00/0.22 oz.", "brand": "Kat Von D", "name": "A-Go-Go", "url": "http://www.temptalia.com/product/kat-von-d-everlasting-liquid-lipstick/a-go-go", "review": "A", "user_rating": "0", "permanence": "P", "rgb": [238, 16, 53], "color_name": "orange", "image_url": "http://www.temptalia.com/wp-content/uploads/2015/05/katvond_agogoliquid004-400x355.jpg", "price": "$20.00", "price_per_ounce": 90.9090909090909}, {"full_text": "Permanent. $30.00/0.12 oz.", "brand": "Estee Lauder", "name": "Confident", "url": "http://www.temptalia.com/product/estee-lauder-pure-color-envy-sculpting-lipstick/confident", "review": "A", "user_rating": "0", "permanence": "P", "rgb": [174, 55, 15], "color_name": "fuchsia", "image_url": "http://www.temptalia.com/wp-content/uploads/2015/05/esteelauder_490confident004-400x355.jpg", "price": "$30.00", "price_per_ounce": 250.0}, {"full_text": "Permanent. $30.00/0.10 oz.", "brand": "Estee Lauder", "name": "Intriguing", "url": "http://www.temptalia.com/product/estee-lauder-pure-color-envy-shine-sculpting-lipstick/intriguing", "review": "A", "user_rating": "0", "permanence": "P", "rgb": [158, 46, 32], "color_name": "red", "image_url": "http://www.temptalia.com/wp-content/uploads/2015/05/esteelauder_intriguing004-400x355.jpg", "price": "$30.00", "price_per_ounce": 300.0}, {"full_text": "Permanent. $30.00/0.10 oz.", "brand": "Estee Lauder", "name": "Empowered", "url": "http://www.temptalia.com/product/estee-lauder-pure-color-envy-shine-sculpting-lipstick/empowered", "review": "A", "user_rating": "0", "permanence": "P", "rgb": [215, 47, 43], "color_name": "pink", "image_url": "http://www.temptalia.com/wp-content/uploads/2015/05/esteelauder_empowered004-400x355.jpg", "price": "$30.00", "price_per_ounce": 300.0}, {"full_text": "Permanent. $30.00/0.10 oz.", "brand": "Estee Lauder", "name": "Heavenly", "url": "http://www.temptalia.com/product/estee-lauder-pure-color-envy-shine-sculpting-lipstick/heavenly", "review": "A", "user_rating": "0", "permanence": "P", "rgb": [212, 59, 64], "color_name": "pink", "image_url": "http://www.temptalia.com/wp-content/uploads/2015/05/esteelauder_heavenly004-400x355.jpg", "price": "$30.00", "price_per_ounce": 300.0}, {"full_text": "Permanent. $30.00/0.10 oz.", "brand": "Estee Lauder", "name": "Mischievous Rose", "url": "http://www.temptalia.com/product/estee-lauder-pure-color-envy-shine-sculpting-lipstick/mischievous-rose", "review": "B", "user_rating": "0", "permanence": "P", "rgb": [208, 103, 105], "color_name": "pink", "image_url": "http://www.temptalia.com/wp-content/uploads/2015/05/esteelauder_mischievousrose004-400x355.jpg", "price": "$30.00", "price_per_ounce": 300.0}, {"full_text": "Permanent. $30.00/0.10 oz.", "brand": "Estee Lauder", "name": "Passionate", "url": "http://www.temptalia.com/product/estee-lauder-pure-color-envy-shine-sculpting-lipstick/passionate", "review": "A", "user_rating": "0", "permanence": "P", "rgb": [218, 75, 37], "color_name": "pink", "image_url": "http://www.temptalia.com/wp-content/uploads/2015/05/esteelauder_passionate004-400x355.jpg", "price": "$30.00", "price_per_ounce": 300.0}, {"full_text": "Permanent. $30.00/0.10 oz.", "brand": "Estee Lauder", "name": "Pink Dragon", "url": "http://www.temptalia.com/product/estee-lauder-pure-color-envy-shine-sculpting-lipstick/pink-dragon", "review": "B+", "user_rating": "0", "permanence": "P", "rgb": [223, 96, 64], "color_name": "pink", "image_url": "http://www.temptalia.com/wp-content/uploads/2015/05/esteelauder_pinkdragon004-400x355.jpg", "price": "$30.00", "price_per_ounce": 300.0}, {"full_text": "Permanent. $30.00/0.10 oz.", "brand": "Estee Lauder", "name": "Surreal Sun", "url": "http://www.temptalia.com/product/estee-lauder-pure-color-envy-shine-sculpting-lipstick/surreal-sun", "review": "A-", "user_rating": "0", "permanence": "P", "rgb": [223, 77, 66], "color_name": "pink", "image_url": "http://www.temptalia.com/wp-content/uploads/2015/05/esteelauder_surrealsun004-400x355.jpg", "price": "$30.00", "price_per_ounce": 300.0}, {"full_text": "Permanent. $30.00/0.10 oz.", "brand": "Estee Lauder", "name": "Blossom Bright", "url": "http://www.temptalia.com/product/estee-lauder-pure-color-envy-shine-sculpting-lipstick/blossom-bright", "review": "A", "user_rating": "0", "permanence": "P", "rgb": [212, 58, 39], "color_name": "pink", "image_url": "http://www.temptalia.com/wp-content/uploads/2015/05/esteelauder_blossombright004-400x355.jpg", "price": "$30.00", "price_per_ounce": 300.0}, {"full_text": "Permanent. $30.00/0.10 oz.", "brand": "Estee Lauder", "name": "Charmed", "url": "http://www.temptalia.com/product/estee-lauder-pure-color-envy-shine-sculpting-lipstick/charmed", "review": "B+", "user_rating": "0", "permanence": "P", "rgb": [203, 71, 67], "color_name": "pink", "image_url": "http://www.temptalia.com/wp-content/uploads/2015/05/esteelauder_charmed004-400x355.jpg", "price": "$30.00", "price_per_ounce": 300.0}, {"full_text": "Permanent. $30.00/0.10 oz.", "brand": "Estee Lauder", "name": "Inspiring", "url": "http://www.temptalia.com/product/estee-lauder-pure-color-envy-shine-sculpting-lipstick/inspiring", "review": "A", "user_rating": "0", "permanence": "P", "rgb": [191, 63, 49], "color_name": "pink", "image_url": "http://www.temptalia.com/wp-content/uploads/2015/05/esteelauder_inspiring004-400x355.jpg", "price": "$30.00", "price_per_ounce": 300.0}, {"full_text": "Limited Edition. $20.00/0.12 oz.", "brand": "bareMinerals", "name": "Dream Big", "url": "http://www.temptalia.com/product/bareminerals-marvelous-moxie-lipstick/dream-big", "review": "B+", "user_rating": "0", "permanence": "LE", "rgb": [198, 84, 97], "color_name": "pink", "image_url": "http://www.temptalia.com/wp-content/uploads/2015/05/bareminerals_dreambig004-400x355.jpg", "price": "$20.00", "price_per_ounce": 166.66666666666669}, {"full_text": "Limited Edition. $20.00/0.12 oz.", "brand": "bareMinerals", "name": "Express Yourself", "url": "http://www.temptalia.com/product/bareminerals-marvelous-moxie-lipstick/express-yourself", "review": "B+", "user_rating": "0", "permanence": "LE", "rgb": [211, 84, 94], "color_name": "pink", "image_url": "http://www.temptalia.com/wp-content/uploads/2015/05/bareminerals_expressyourself004-400x355.jpg", "price": "$20.00", "price_per_ounce": 166.66666666666669}, {"full_text": "Limited Edition. $20.00/0.12 oz.", "brand": "bareMinerals", "name": "Fall in Love", "url": "http://www.temptalia.com/product/bareminerals-marvelous-moxie-lipstick/fall-in-love", "review": "A-", "user_rating": "0", "permanence": "LE", "rgb": [205, 66, 81], "color_name": "pink", "image_url": "http://www.temptalia.com/wp-content/uploads/2015/05/bareminerals_fallinlove004-400x355.jpg", "price": "$20.00", "price_per_ounce": 166.66666666666669}, {"full_text": "Permanent. $50.00/0.10 oz.", "brand": "Tom Ford Beauty", "name": "Velvet Violet (16)", "url": "http://www.temptalia.com/product/tom-ford-beauty-lip-color-matte/velvet-violet-16", "review": "A-", "user_rating": "0", "permanence": "P", "rgb": [164, 52, 6], "color_name": "fuchsia", "image_url": "http://www.temptalia.com/wp-content/uploads/2015/05/tomford_16velvetviolet004-400x355.jpg", "price": "$50.00", "price_per_ounce": 500.0}, {"full_text": "Permanent. $50.00/0.10 oz.", "brand": "Tom Ford Beauty", "name": "Electric Pink (15)", "url": "http://www.temptalia.com/product/tom-ford-beauty-lip-color-matte/electric-pink-15", "review": "A", "user_rating": "0", "permanence": "P", "rgb": [216, 108, 30], "color_name": "fuchsia", "image_url": "http://www.temptalia.com/wp-content/uploads/2015/05/tomford_15electricpink004-400x355.jpg", "price": "$50.00", "price_per_ounce": 500.0}, {"full_text": "Permanent. $18.00/0.33 oz.", "brand": "Obsessive Compulsive Cosmetics", "name": "John Doe", "url": "http://www.temptalia.com/product/occ-makeup-lip-tar/john-doe", "review": "A-", "user_rating": "0", "permanence": "P", "rgb": [176, 111, 128], "color_name": "nude", "image_url": "http://www.temptalia.com/wp-content/uploads/2015/05/occ_johndoeliptar004-400x355.jpg", "price": "$18.00", "price_per_ounce": 54.54545454545454}, {"full_text": "Permanent. $18.00/0.33 oz.", "brand": "Obsessive Compulsive Cosmetics", "name": "Cosplay", "url": "http://www.temptalia.com/product/occ-makeup-lip-tar/cosplay", "review": "A", "user_rating": "0", "permanence": "P", "rgb": [21, 67, 94], "color_name": "green", "image_url": "http://www.temptalia.com/wp-content/uploads/2015/05/occ_cosplayliptar004-400x355.jpg", "price": "$18.00", "price_per_ounce": 54.54545454545454}, {"full_text": "Limited Edition. $35.00/0.10 oz.", "brand": "Chanel", "name": "Amorosa (487)", "url": "http://www.temptalia.com/product/chanel-rouge-coco-shine-hydrating-sheer-lipshine/amorosa-487", "review": "B", "user_rating": "0", "permanence": "LE", "rgb": [176, 63, 69], "color_name": "pink", "image_url": "http://www.temptalia.com/wp-content/uploads/2015/05/chanel_487amorosa004-400x355.jpg", "price": "$35.00", "price_per_ounce": 350.0}, {"full_text": "Limited Edition. $5.00/0.04 oz.", "brand": "Colour Pop", "name": "Parker", "url": "http://www.temptalia.com/product/colour-pop-lippie-stix/parker", "review": "B", "user_rating": "5", "permanence": "LE", "rgb": [196, 72, 79], "color_name": "pink", "image_url": "http://www.temptalia.com/wp-content/uploads/2015/05/colourpop_parker004-400x355.jpg", "price": "$5.00", "price_per_ounce": 125.0}, {"full_text": "Limited Edition. $5.00/0.04 oz.", "brand": "Colour Pop", "name": "Chella", "url": "http://www.temptalia.com/product/colour-pop-lippie-stix/chella", "review": "A", "user_rating": "0", "permanence": "LE", "rgb": [219, 79, 90], "color_name": "pink", "image_url": "http://www.temptalia.com/wp-content/uploads/2015/05/colourpop_chella004-400x355.jpg", "price": "$5.00", "price_per_ounce": 125.0}, {"full_text": "Limited Edition. $5.00/0.04 oz.", "brand": "Colour Pop", "name": "Thirsty", "url": "http://www.temptalia.com/product/colour-pop-lippie-stix/thirsty", "review": "A", "user_rating": "0", "permanence": "LE", "rgb": [196, 90, 53], "color_name": "fuchsia", "image_url": "http://www.temptalia.com/wp-content/uploads/2015/05/colourpop_thirsty004-400x355.jpg", "price": "$5.00", "price_per_ounce": 125.0}, {"full_text": "Limited Edition. $5.00/0.04 oz.", "brand": "Colour Pop", "name": "Pasties", "url": "http://www.temptalia.com/product/colour-pop-lippie-stix/pasties", "review": "A-", "user_rating": "0", "permanence": "LE", "rgb": [193, 99, 32], "color_name": "fuchsia", "image_url": "http://www.temptalia.com/wp-content/uploads/2015/05/colourpop_pasties004-400x355.jpg", "price": "$5.00", "price_per_ounce": 125.0}, {"full_text": "Limited Edition. $5.00/0.04 oz.", "brand": "Colour Pop", "name": "Cougar", "url": "http://www.temptalia.com/product/colour-pop-lippie-stix/cougar", "review": "A-", "user_rating": "0", "permanence": "LE", "rgb": [206, 62, 18], "color_name": "pink", "image_url": "http://www.temptalia.com/wp-content/uploads/2015/05/colourpop_cougar004-400x355.jpg", "price": "$5.00", "price_per_ounce": 125.0}, {"full_text": "Limited Edition. $5.00/0.04 oz.", "brand": "Colour Pop", "name": "Ace", "url": "http://www.temptalia.com/product/colour-pop-lippie-stix/ace", "review": "B", "user_rating": "0", "permanence": "LE", "rgb": [210, 120, 117], "color_name": "pink", "image_url": "http://www.temptalia.com/wp-content/uploads/2015/05/colourpop_ace004-400x355.jpg", "price": "$5.00", "price_per_ounce": 125.0}, {"full_text": "Permanent. $5.00/0.04 oz.", "brand": "Colour Pop", "name": "Polliwog", "url": "http://www.temptalia.com/product/colour-pop-lippie-stix/polliwog", "review": "C+", "user_rating": "0", "permanence": "P", "rgb": [189, 75, 103], "color_name": "nude", "image_url": "http://www.temptalia.com/wp-content/uploads/2015/05/colourpop_polliwog004-400x355.jpg", "price": "$5.00", "price_per_ounce": 125.0}, {"full_text": "Permanent. $5.00/0.04 oz.", "brand": "Colour Pop", "name": "Fiesta", "url": "http://www.temptalia.com/product/colour-pop-lippie-stix/fiesta", "review": "A-", "user_rating": "0", "permanence": "P", "rgb": [221, 106, 107], "color_name": "pink", "image_url": "http://www.temptalia.com/wp-content/uploads/2015/05/colourpop_fiesta004-400x355.jpg", "price": "$5.00", "price_per_ounce": 125.0}, {"full_text": "Permanent. $5.00/0.04 oz.", "brand": "Colour Pop", "name": "Topanga", "url": "http://www.temptalia.com/product/colour-pop-lippie-stix/topanga", "review": "A-", "user_rating": "4", "permanence": "P", "rgb": [211, 69, 65], "color_name": "pink", "image_url": "http://www.temptalia.com/wp-content/uploads/2015/05/colourpop_topanga004-400x355.jpg", "price": "$5.00", "price_per_ounce": 125.0}, {"full_text": "Permanent. $5.00/0.04 oz.", "brand": "Colour Pop", "name": "Luau", "url": "http://www.temptalia.com/product/colour-pop-lippie-stix/luau", "review": "A-", "user_rating": "5", "permanence": "P", "rgb": [215, 36, 62], "color_name": "pink", "image_url": "http://www.temptalia.com/wp-content/uploads/2015/05/colourpop_luau004-400x355.jpg", "price": "$5.00", "price_per_ounce": 125.0}, {"full_text": "Permanent. $5.00/0.04 oz.", "brand": "Colour Pop", "name": "Toucan", "url": "http://www.temptalia.com/product/colour-pop-lippie-stix/toucan", "review": "B-", "user_rating": "0", "permanence": "P", "rgb": [215, 59, 27], "color_name": "pink", "image_url": "http://www.temptalia.com/wp-content/uploads/2015/05/colourpop_toucan004-400x355.jpg", "price": "$5.00", "price_per_ounce": 125.0}, {"full_text": "Permanent. $17.00/0.10 oz.", "brand": "MAC", "name": "Stone", "url": "http://www.temptalia.com/product/mac-cosmetics-lipstick/stone", "review": "A-", "user_rating": "5", "permanence": "P", "rgb": [139, 66, 75], "color_name": "nude", "image_url": "http://www.temptalia.com/wp-content/uploads/2015/05/mac_stone004-400x355.jpg", "price": "$17.00", "price_per_ounce": 170.0}, {"full_text": "Permanent. $17.00/0.10 oz.", "brand": "MAC", "name": "Whirl", "url": "http://www.temptalia.com/product/mac-cosmetics-lipstick/whirl", "review": "A-", "user_rating": "5", "permanence": "P", "rgb": [172, 65, 75], "color_name": "pink", "image_url": "http://www.temptalia.com/wp-content/uploads/2015/05/mac_whirl004-400x355.jpg", "price": "$17.00", "price_per_ounce": 170.0}, {"full_text": "Permanent. $17.00/0.10 oz.", "brand": "MAC", "name": "Persistence", "url": "http://www.temptalia.com/product/mac-cosmetics-lipstick/persistence", "review": "A-", "user_rating": "0", "permanence": "P", "rgb": [168, 47, 61], "color_name": "pink", "image_url": "http://www.temptalia.com/wp-content/uploads/2015/05/mac_persistence004-400x355.jpg", "price": "$17.00", "price_per_ounce": 170.0}, {"full_text": "Permanent. $17.00/0.10 oz.", "brand": "MAC", "name": "Naturally Transformed", "url": "http://www.temptalia.com/product/mac-cosmetics-lipstick/naturally-transformed", "review": "B", "user_rating": "4", "permanence": "P", "rgb": [188, 71, 105], "color_name": "nude", "image_url": "http://www.temptalia.com/wp-content/uploads/2015/05/mac_naturallytransformed004-400x355.jpg", "price": "$17.00", "price_per_ounce": 170.0}, {"full_text": "Permanent. $17.00/0.10 oz.", "brand": "MAC", "name": "Antique Velvet", "url": "http://www.temptalia.com/product/mac-cosmetics-lipstick/antique-velvet", "review": "A-", "user_rating": "0", "permanence": "P", "rgb": [72, 16, 19], "color_name": "burgundy", "image_url": "http://www.temptalia.com/wp-content/uploads/2015/05/mac_antiquevelvet004-400x355.jpg", "price": "$17.00", "price_per_ounce": 170.0}, {"full_text": "Permanent. $17.00/0.10 oz.", "brand": "MAC", "name": "D for Danger", "url": "http://www.temptalia.com/product/mac-cosmetics-lipstick/d-for-danger", "review": "A", "user_rating": "0", "permanence": "P", "rgb": [171, 45, 19], "color_name": "red", "image_url": "http://www.temptalia.com/wp-content/uploads/2015/05/mac_dfordanger004-400x355.jpg", "price": "$17.00", "price_per_ounce": 170.0}, {"full_text": "Permanent. $17.00/0.10 oz.", "brand": "MAC", "name": "Matte Royal", "url": "http://www.temptalia.com/product/mac-cosmetics-lipstick/matte-royal", "review": "B+", "user_rating": "4", "permanence": "P", "rgb": [43, 87, 27], "color_name": "blue", "image_url": "http://www.temptalia.com/wp-content/uploads/2015/05/mac_matteroyal004-400x355.jpg", "price": "$17.00", "price_per_ounce": 170.0}, {"full_text": "Permanent. $17.00/0.10 oz.", "brand": "MAC", "name": "Men Love Mystery", "url": "http://www.temptalia.com/product/mac-cosmetics-lipstick/men-love-mystery", "review": "B+", "user_rating": "5", "permanence": "P", "rgb": [172, 124, 72], "color_name": "purple", "image_url": "http://www.temptalia.com/wp-content/uploads/2015/05/mac_menlovemystery004-400x355.jpg", "price": "$17.00", "price_per_ounce": 170.0}, {"full_text": "Permanent. $30.00/0.12 oz.", "brand": "Estee Lauder", "name": "Ambitious Pink", "url": "http://www.temptalia.com/product/estee-lauder-pure-color-envy-sculpting-lipstick/ambitious-pink", "review": "A", "user_rating": "0", "permanence": "P", "rgb": [238, 108, 73], "color_name": "pink", "image_url": "http://www.temptalia.com/wp-content/uploads/2015/05/esteelauder_ambitiouspink004-400x355.jpg", "price": "$30.00", "price_per_ounce": 250.0}, {"full_text": "Permanent. $30.00/0.12 oz.", "brand": "Estee Lauder", "name": "Thrilling", "url": "http://www.temptalia.com/product/estee-lauder-pure-color-envy-sculpting-lipstick/thrilling", "review": "A-", "user_rating": "5", "permanence": "P", "rgb": [162, 35, 13], "color_name": "red", "image_url": "http://www.temptalia.com/wp-content/uploads/2015/05/esteelauder_thrilling004-400x355.jpg", "price": "$30.00", "price_per_ounce": 250.0}, {"full_text": "Permanent. $30.00/0.12 oz.", "brand": "Estee Lauder", "name": "Discreet", "url": "http://www.temptalia.com/product/estee-lauder-pure-color-envy-sculpting-lipstick/discreet", "review": "A", "user_rating": "0", "permanence": "P", "rgb": [196, 71, 85], "color_name": "pink", "image_url": "http://www.temptalia.com/wp-content/uploads/2015/05/esteelauder_discreet004-400x355.jpg", "price": "$30.00", "price_per_ounce": 250.0}, {"full_text": "Permanent. $30.00/0.12 oz.", "brand": "Estee Lauder", "name": "Fierce", "url": "http://www.temptalia.com/product/estee-lauder-pure-color-envy-sculpting-lipstick/fierce", "review": "A", "user_rating": "0", "permanence": "P", "rgb": [210, 42, 46], "color_name": "pink", "image_url": "http://www.temptalia.com/wp-content/uploads/2015/05/esteelauder_fierce004-400x355.jpg", "price": "$30.00", "price_per_ounce": 250.0}, {"full_text": "Permanent. $30.00/0.12 oz.", "brand": "Estee Lauder", "name": "Jealous", "url": "http://www.temptalia.com/product/estee-lauder-pure-color-envy-sculpting-lipstick/jealous", "review": "A", "user_rating": "0", "permanence": "P", "rgb": [217, 64, 28], "color_name": "pink", "image_url": "http://www.temptalia.com/wp-content/uploads/2015/05/esteelauder_jealous004-400x355.jpg", "price": "$30.00", "price_per_ounce": 250.0}, {"full_text": "Permanent. $30.00/0.12 oz.", "brand": "Estee Lauder", "name": "Dangerous", "url": "http://www.temptalia.com/product/estee-lauder-pure-color-envy-sculpting-lipstick/dangerous", "review": "A", "user_rating": "0", "permanence": "P", "rgb": [140, 37, 39], "color_name": "red", "image_url": "http://www.temptalia.com/wp-content/uploads/2015/05/esteelauder_dangerous004-400x355.jpg", "price": "$30.00", "price_per_ounce": 250.0}, {"full_text": "Permanent. $30.00/0.12 oz.", "brand": "Estee Lauder", "name": "Daring", "url": "http://www.temptalia.com/product/estee-lauder-pure-color-envy-sculpting-lipstick/daring", "review": "A+", "user_rating": "5", "permanence": "P", "rgb": [232, 38, 64], "color_name": "pink", "image_url": "http://www.temptalia.com/wp-content/uploads/2015/05/esteelauder_daring004-400x355.jpg", "price": "$30.00", "price_per_ounce": 250.0}, {"full_text": "Limited Edition. $21.00/0.40 oz.", "brand": "Too Faced", "name": "Melted Rainbow", "url": "http://www.temptalia.com/product/too-faced-melted-liquified-long-wear-lipstick/melted-rainbow", "review": "A+", "user_rating": "0", "permanence": "LE", "rgb": [216, 142, 38], "color_name": "purple", "image_url": "http://www.temptalia.com/wp-content/uploads/2015/05/toofaced_meltedrainbow006-400x355.jpg", "price": "$21.00", "price_per_ounce": 52.5}, {"full_text": "Limited Edition. $36.00/0.15 oz.", "brand": "Bite Beauty", "name": "#005", "url": "http://www.temptalia.com/product/bite-beauty-lip-lab-limited-release-creme-deluxe-lipstick/005-2", "review": "B-", "user_rating": "4", "permanence": "LE", "rgb": [171, 115, 95], "color_name": "fuchsia", "image_url": "http://www.temptalia.com/wp-content/uploads/2015/05/bitebeauty_shade005liplab005-400x355.jpg", "price": "$36.00", "price_per_ounce": 240.0}, {"full_text": "Limited Edition. $17.00/0.10 oz.", "brand": "MAC", "name": "Steam Heat", "url": "http://www.temptalia.com/product/mac-cosmetics-lipstick/steam-heat", "review": "A", "user_rating": "0", "permanence": "LE", "rgb": [198, 30, 24], "color_name": "pink", "image_url": "http://www.temptalia.com/wp-content/uploads/2015/04/mac_steamheat004-400x355.jpg", "price": "$17.00", "price_per_ounce": 170.0}, {"full_text": "Limited Edition. $17.00/0.10 oz.", "brand": "MAC", "name": "Tumble Dry", "url": "http://www.temptalia.com/product/mac-cosmetics-lipstick/tumble-dry", "review": "C+", "user_rating": "0", "permanence": "LE", "rgb": [205, 92, 114], "color_name": "orange", "image_url": "http://www.temptalia.com/wp-content/uploads/2015/04/mac_tumbledry004-400x355.jpg", "price": "$17.00", "price_per_ounce": 170.0}, {"full_text": "Limited Edition. $20.00/0.11 oz.", "brand": "MAC", "name": "I'm Game", "url": "http://www.temptalia.com/product/mac-cosmetics-huggable-lipcolour/im-game", "review": "B+", "user_rating": "0", "permanence": "LE", "rgb": [210, 79, 58], "color_name": "pink", "image_url": "http://www.temptalia.com/wp-content/uploads/2015/04/mac_imgame004-400x355.jpg", "price": "$20.00", "price_per_ounce": 181.8181818181818}, {"full_text": "Limited Edition. $20.00/0.11 oz.", "brand": "MAC", "name": "Play It Soft", "url": "http://www.temptalia.com/product/mac-cosmetics-huggable-lipcolour/play-it-soft", "review": "B+", "user_rating": "4", "permanence": "LE", "rgb": [215, 74, 68], "color_name": "pink", "image_url": "http://www.temptalia.com/wp-content/uploads/2015/04/mac_playitsoft004-400x355.jpg", "price": "$20.00", "price_per_ounce": 181.8181818181818}, {"full_text": "Limited Edition. $20.00/0.11 oz.", "brand": "MAC", "name": "Glamorized", "url": "http://www.temptalia.com/product/mac-cosmetics-huggable-lipcolour/glamorized", "review": "B", "user_rating": "0", "permanence": "LE", "rgb": [218, 116, 72], "color_name": "fuchsia", "image_url": "http://www.temptalia.com/wp-content/uploads/2015/04/mac_glamorized004-400x355.jpg", "price": "$20.00", "price_per_ounce": 181.8181818181818}, {"full_text": "Limited Edition. $20.00/0.11 oz.", "brand": "MAC", "name": "I'm In", "url": "http://www.temptalia.com/product/mac-cosmetics-huggable-lipcolour/im-in", "review": "B", "user_rating": "0", "permanence": "LE", "rgb": [202, 86, 85], "color_name": "pink", "image_url": "http://www.temptalia.com/wp-content/uploads/2015/04/mac_imin004-400x355.jpg", "price": "$20.00", "price_per_ounce": 181.8181818181818}, {"full_text": "Limited Edition. $20.00/0.11 oz.", "brand": "MAC", "name": "Bare Hug", "url": "http://www.temptalia.com/product/mac-cosmetics-huggable-lipcolour/bare-hug", "review": "A-", "user_rating": "0", "permanence": "LE", "rgb": [208, 91, 90], "color_name": "pink", "image_url": "http://www.temptalia.com/wp-content/uploads/2015/04/mac_barehug004-400x355.jpg", "price": "$20.00", "price_per_ounce": 181.8181818181818}, {"full_text": "Limited Edition. $20.00/0.11 oz.", "brand": "MAC", "name": "Love Feeling", "url": "http://www.temptalia.com/product/mac-cosmetics-huggable-lipcolour/love-feeling", "review": "B", "user_rating": "0", "permanence": "LE", "rgb": [213, 39, 56], "color_name": "pink", "image_url": "http://www.temptalia.com/wp-content/uploads/2015/04/mac_lovefeeling004-400x355.jpg", "price": "$20.00", "price_per_ounce": 181.8181818181818}, {"full_text": "Limited Edition. $20.00/0.11 oz.", "brand": "MAC", "name": "Soft Talkin'", "url": "http://www.temptalia.com/product/mac-cosmetics-huggable-lipcolour/soft-talkin", "review": "C+", "user_rating": "0", "permanence": "LE", "rgb": [201, 78, 88], "color_name": "pink", "image_url": "http://www.temptalia.com/wp-content/uploads/2015/04/mac_softtalkin004-400x355.jpg", "price": "$20.00", "price_per_ounce": 181.8181818181818}, {"full_text": "Limited Edition. $20.00/0.11 oz.", "brand": "MAC", "name": "Flaming Lips", "url": "http://www.temptalia.com/product/mac-cosmetics-huggable-lipcolour/flaming-lips", "review": "B+", "user_rating": "0", "permanence": "LE", "rgb": [206, 44, 46], "color_name": "pink", "image_url": "http://www.temptalia.com/wp-content/uploads/2015/04/mac_flaminglips004-400x355.jpg", "price": "$20.00", "price_per_ounce": 181.8181818181818}, {"full_text": "Limited Edition. $37.00/0.12 oz.", "brand": "Guerlain", "name": "Yellow It-stick (603)", "url": "http://www.temptalia.com/product/guerlain-rouge-automatique-lip-color/yellow-it-stick-603", "review": "B-", "user_rating": "0", "permanence": "LE", "rgb": [198, 84, 108], "color_name": "orange", "image_url": "http://www.temptalia.com/wp-content/uploads/2015/04/guerlain_603yellowitstick004-400x355.jpg", "price": "$37.00", "price_per_ounce": 308.33333333333337}, {"full_text": "Limited Edition. $37.00/0.12 oz.", "brand": "Guerlain", "name": "Fluo Stiletto (662)", "url": "http://www.temptalia.com/product/guerlain-rouge-automatique-lip-color/fluo-stiletto-662", "review": "B+", "user_rating": "0", "permanence": "LE", "rgb": [223, 120, 58], "color_name": "fuchsia", "image_url": "http://www.temptalia.com/wp-content/uploads/2015/04/guerlain_662fluostiletto004-400x355.jpg", "price": "$37.00", "price_per_ounce": 308.33333333333337}, {"full_text": "Permanent. $30.00/0.12 oz.", "brand": "Marc Jacobs Beauty", "name": "Boy Gorgeous (222)", "url": "http://www.temptalia.com/product/marc-jacobs-beauty-le-marc-lip-creme/boy-gorgeous-222", "review": "B", "user_rating": "0", "permanence": "P", "rgb": [180, 53, 16], "color_name": "red", "image_url": "http://www.temptalia.com/wp-content/uploads/2015/04/marcjacobs_222boygorgeous004-400x355.jpg", "price": "$30.00", "price_per_ounce": 250.0}, {"full_text": "Permanent. $30.00/0.12 oz.", "brand": "Marc Jacobs Beauty", "name": "Scandal (226)", "url": "http://www.temptalia.com/product/marc-jacobs-beauty-le-marc-lip-creme/scandal-226", "review": "C-", "user_rating": "0", "permanence": "P", "rgb": [82, 44, 17], "color_name": "plum", "image_url": "http://www.temptalia.com/wp-content/uploads/2015/04/marcjacobs_226scandal004-400x355.jpg", "price": "$30.00", "price_per_ounce": 250.0}, {"full_text": "Permanent. $30.00/0.12 oz.", "brand": "Marc Jacobs Beauty", "name": "Infamous (228)", "url": "http://www.temptalia.com/product/marc-jacobs-beauty-le-marc-lip-creme/infamous-228", "review": "B-", "user_rating": "0", "permanence": "P", "rgb": [196, 78, 64], "color_name": "pink", "image_url": "http://www.temptalia.com/wp-content/uploads/2015/04/marcjacobs_228infamous004-400x355.jpg", "price": "$30.00", "price_per_ounce": 250.0}, {"full_text": "Permanent. $30.00/0.12 oz.", "brand": "Marc Jacobs Beauty", "name": "Core Cora (234)", "url": "http://www.temptalia.com/product/marc-jacobs-beauty-le-marc-lip-creme/core-cora-234", "review": "B", "user_rating": "0", "permanence": "P", "rgb": [231, 56, 45], "color_name": "pink", "image_url": "http://www.temptalia.com/wp-content/uploads/2015/04/marcjacobs_234corecora004-400x355.jpg", "price": "$30.00", "price_per_ounce": 250.0}, {"full_text": "Permanent. $30.00/0.12 oz.", "brand": "Marc Jacobs Beauty", "name": "So Sofia (236)", "url": "http://www.temptalia.com/product/marc-jacobs-beauty-le-marc-lip-creme/so-sofia-236", "review": "B", "user_rating": "0", "permanence": "P", "rgb": [235, 58, 37], "color_name": "pink", "image_url": "http://www.temptalia.com/wp-content/uploads/2015/04/marcjacobs_236sosofia004-400x355.jpg", "price": "$30.00", "price_per_ounce": 250.0}, {"full_text": "Permanent. $30.00/0.12 oz.", "brand": "Marc Jacobs Beauty", "name": "Je t'aime (238)", "url": "http://www.temptalia.com/product/marc-jacobs-beauty-le-marc-lip-creme/je-taime-238", "review": "B-", "user_rating": "0", "permanence": "P", "rgb": [210, 54, 40], "color_name": "pink", "image_url": "http://www.temptalia.com/wp-content/uploads/2015/04/marcjacobs_238jetaime004-400x355.jpg", "price": "$30.00", "price_per_ounce": 250.0}, {"full_text": "Permanent. $30.00/0.12 oz.", "brand": "Marc Jacobs Beauty", "name": "Rei of Light (212)", "url": "http://www.temptalia.com/product/marc-jacobs-beauty-le-marc-lip-creme/rei-of-light-212", "review": "B", "user_rating": "0", "permanence": "P", "rgb": [168, 19, 26], "color_name": "red", "image_url": "http://www.temptalia.com/wp-content/uploads/2015/04/marcjacobs_212reioflight004-400x355.jpg", "price": "$30.00", "price_per_ounce": 250.0}, {"full_text": "Permanent. $30.00/0.12 oz.", "brand": "Marc Jacobs Beauty", "name": "Jolly Molly (220)", "url": "http://www.temptalia.com/product/marc-jacobs-beauty-le-marc-lip-creme/jolly-molly-220", "review": "B", "user_rating": "0", "permanence": "P", "rgb": [239, 128, 89], "color_name": "fuchsia", "image_url": "http://www.temptalia.com/wp-content/uploads/2015/04/marcjacobs_220jollymolly004-400x355.jpg", "price": "$30.00", "price_per_ounce": 250.0}, {"full_text": "Permanent. $30.00/0.12 oz.", "brand": "Marc Jacobs Beauty", "name": "Eat Cake (150)", "url": "http://www.temptalia.com/product/marc-jacobs-beauty-sheer-lip-gel/eat-cake-150", "review": "B", "user_rating": "0", "permanence": "P", "rgb": [191, 68, 68], "color_name": "pink", "image_url": "http://www.temptalia.com/wp-content/uploads/2015/04/marcjacobs_150eatcake007-400x355.jpg", "price": "$30.00", "price_per_ounce": 250.0}, {"full_text": "Permanent. $30.00/0.12 oz.", "brand": "Marc Jacobs Beauty", "name": "Have We Met? (108)", "url": "http://www.temptalia.com/product/marc-jacobs-beauty-sheer-lip-gel/have-we-met-108", "review": "B", "user_rating": "0", "permanence": "P", "rgb": [202, 87, 82], "color_name": "pink", "image_url": "http://www.temptalia.com/wp-content/uploads/2015/04/marcjacobs_108havewemet004-400x355.jpg", "price": "$30.00", "price_per_ounce": 250.0}, {"full_text": "Permanent. $50.00/0.10 oz.", "brand": "Tom Ford Beauty", "name": "Rose Soleil", "url": "http://www.temptalia.com/product/tom-ford-beauty-lip-color-sheer/rose-soleil", "review": "B", "user_rating": "0", "permanence": "P", "rgb": [198, 69, 78], "color_name": "pink", "image_url": "http://www.temptalia.com/wp-content/uploads/2015/04/tomford_rosesoleil004-400x355.jpg", "price": "$50.00", "price_per_ounce": 500.0}, {"full_text": "Permanent. $50.00/0.10 oz.", "brand": "Tom Ford Beauty", "name": "Skinny Dip", "url": "http://www.temptalia.com/product/tom-ford-beauty-lip-color-sheer/skinny-dip", "review": "B", "user_rating": "0", "permanence": "P", "rgb": [202, 80, 92], "color_name": "pink", "image_url": "http://www.temptalia.com/wp-content/uploads/2015/04/tomford_skinnydip004-400x355.jpg", "price": "$50.00", "price_per_ounce": 500.0}, {"full_text": "Limited Edition. $5.00/0.04 oz.", "brand": "Colour Pop", "name": "Frenemie", "url": "http://www.temptalia.com/product/colour-pop-lippie-stix/frenemie", "review": "A-", "user_rating": "4", "permanence": "LE", "rgb": [209, 47, 37], "color_name": "pink", "image_url": "http://www.temptalia.com/wp-content/uploads/2015/04/colourpop_frenemie004-400x355.jpg", "price": "$5.00", "price_per_ounce": 125.0}, {"full_text": "Limited Edition. $5.00/0.04 oz.", "brand": "Colour Pop", "name": "Freshman", "url": "http://www.temptalia.com/product/colour-pop-lippie-stix/freshman", "review": "A-", "user_rating": "0", "permanence": "LE", "rgb": [197, 51, 5], "color_name": "red", "image_url": "http://www.temptalia.com/wp-content/uploads/2015/04/colourpop_freshman004-400x355.jpg", "price": "$5.00", "price_per_ounce": 125.0}, {"full_text": "Limited Edition. $5.00/0.04 oz.", "brand": "Colour Pop", "name": "Sweet-Thing", "url": "http://www.temptalia.com/product/colour-pop-lippie-stix/sweet-thing", "review": "A-", "user_rating": "0", "permanence": "LE", "rgb": [205, 103, 68], "color_name": "fuchsia", "image_url": "http://www.temptalia.com/wp-content/uploads/2015/04/colourpop_sweetthing004-400x355.jpg", "price": "$5.00", "price_per_ounce": 125.0}, {"full_text": "Limited Edition. $36.00/0.15 oz.", "brand": "Bite Beauty", "name": "#004", "url": "http://www.temptalia.com/product/bite-beauty-lip-lab-limited-release-creme-deluxe-lipstick/004-2", "review": "A", "user_rating": "0", "permanence": "LE", "rgb": [188, 54, 3], "color_name": "fuchsia", "image_url": "http://www.temptalia.com/wp-content/uploads/2015/04/bitebeauty_004liplab007-400x355.jpg", "price": "$36.00", "price_per_ounce": 240.0}, {"full_text": "Permanent. $34.00/0.04 oz.", "brand": "Surratt Beauty", "name": "A La Mode", "url": "http://www.temptalia.com/product/surratt-beauty-automatique-lip-crayon/a-la-mode", "review": "C", "user_rating": "0", "permanence": "P", "rgb": [239, 98, 59], "color_name": "pink", "image_url": "http://www.temptalia.com/wp-content/uploads/2015/04/surrattbeauty_alamode004-400x355.jpg", "price": "$34.00", "price_per_ounce": 850.0}, {"full_text": "Permanent. $34.00/0.04 oz.", "brand": "Surratt Beauty", "name": "Shocking", "url": "http://www.temptalia.com/product/surratt-beauty-automatique-lip-crayon/shocking", "review": "C+", "user_rating": "0", "permanence": "P", "rgb": [209, 59, 25], "color_name": "pink", "image_url": "http://www.temptalia.com/wp-content/uploads/2015/04/surrattbeauty_shocking004-400x355.jpg", "price": "$34.00", "price_per_ounce": 850.0}, {"full_text": "Permanent. $34.00/0.04 oz.", "brand": "Surratt Beauty", "name": "Celestine", "url": "http://www.temptalia.com/product/surratt-beauty-automatique-lip-crayon/celestine", "review": "C-", "user_rating": "0", "permanence": "P", "rgb": [189, 78, 82], "color_name": "pink", "image_url": "http://www.temptalia.com/wp-content/uploads/2015/04/surratt_celestine004-400x355.jpg", "price": "$34.00", "price_per_ounce": 850.0}, {"full_text": "Permanent. $34.00/0.05 oz.", "brand": "Surratt Beauty", "name": "Perfectionniste", "url": "http://www.temptalia.com/product/surratt-beauty-lipslique/perfectionniste", "review": "A-", "user_rating": "0", "permanence": "P", "rgb": [208, 83, 76], "color_name": "pink", "image_url": "http://www.temptalia.com/wp-content/uploads/2015/03/troysurratt_perfectionniste004-400x355.jpg", "price": "$34.00", "price_per_ounce": 680.0}, {"full_text": "Permanent. $21.00/0.40 oz.", "brand": "Too Faced", "name": "Metallic Peony", "url": "http://www.temptalia.com/product/too-faced-melted-metal-liquified-lipstick/metallic-peony", "review": "B+", "user_rating": "0", "permanence": "P", "rgb": [228, 100, 93], "color_name": "pink", "image_url": "http://www.temptalia.com/wp-content/uploads/2015/03/toofaced_metallicpeony004-400x355.jpg", "price": "$21.00", "price_per_ounce": 52.5}, {"full_text": "Permanent. $21.00/0.40 oz.", "brand": "Too Faced", "name": "Metallic Tu-tu", "url": "http://www.temptalia.com/product/too-faced-melted-metal-liquified-lipstick/metallic-tu-tu", "review": "B+", "user_rating": "0", "permanence": "P", "rgb": [215, 78, 74], "color_name": "pink", "image_url": "http://www.temptalia.com/wp-content/uploads/2015/03/toofaced_metallictutu004-400x355.jpg", "price": "$21.00", "price_per_ounce": 52.5}, {"full_text": "Permanent. $21.00/0.40 oz.", "brand": "Too Faced", "name": "Metallic Bunny", "url": "http://www.temptalia.com/product/too-faced-melted-metal-liquified-lipstick/metallic-bunny", "review": "B", "user_rating": "0", "permanence": "P", "rgb": [231, 116, 83], "color_name": "pink", "image_url": "http://www.temptalia.com/wp-content/uploads/2015/03/toofaced_metallicbunny004-400x355.jpg", "price": "$21.00", "price_per_ounce": 52.5}, {"full_text": "Permanent. $21.00/0.40 oz.", "brand": "Too Faced", "name": "Metallic Dream House", "url": "http://www.temptalia.com/product/too-faced-melted-metal-liquified-lipstick/metallic-dream-house", "review": "B+", "user_rating": "0", "permanence": "P", "rgb": [212, 96, 48], "color_name": "fuchsia", "image_url": "http://www.temptalia.com/wp-content/uploads/2015/03/toofaced_metallicdreamhouse004-400x355.jpg", "price": "$21.00", "price_per_ounce": 52.5}, {"full_text": "Permanent. $21.00/0.40 oz.", "brand": "Too Faced", "name": "Metallic Macaron", "url": "http://www.temptalia.com/product/too-faced-melted-metal-liquified-lipstick/metallic-macaron", "review": "A-", "user_rating": "0", "permanence": "P", "rgb": [228, 80, 56], "color_name": "pink", "image_url": "http://www.temptalia.com/wp-content/uploads/2015/03/toofaced_metallicmacaron004-400x355.jpg", "price": "$21.00", "price_per_ounce": 52.5}, {"full_text": "Permanent. $21.00/0.40 oz.", "brand": "Too Faced", "name": "Metallic Debutante", "url": "http://www.temptalia.com/product/too-faced-melted-metal-liquified-lipstick/metallic-debutante", "review": "B", "user_rating": "3", "permanence": "P", "rgb": [220, 78, 86], "color_name": "pink", "image_url": "http://www.temptalia.com/wp-content/uploads/2015/03/toofaced_metallicdebutante004-400x355.jpg", "price": "$21.00", "price_per_ounce": 52.5}, {"full_text": "Permanent. $21.00/0.40 oz.", "brand": "Too Faced", "name": "Metallic Jelly", "url": "http://www.temptalia.com/product/too-faced-melted-metal-liquified-lipstick/metallic-jelly", "review": "A", "user_rating": "0", "permanence": "P", "rgb": [146, 57, 27], "color_name": "fuchsia", "image_url": "http://www.temptalia.com/wp-content/uploads/2015/03/toofaced_metallicjelly004-400x355.jpg", "price": "$21.00", "price_per_ounce": 52.5}, {"full_text": "Permanent. $21.00/0.40 oz.", "brand": "Too Faced", "name": "Metallic Violet", "url": "http://www.temptalia.com/product/too-faced-melted-metal-liquified-lipstick/metallic-violet", "review": "B+", "user_rating": "0", "permanence": "P", "rgb": [174, 115, 52], "color_name": "purple", "image_url": "http://www.temptalia.com/wp-content/uploads/2015/03/toofaced_metallicviolet004-400x355.jpg", "price": "$21.00", "price_per_ounce": 52.5}, {"full_text": "Limited Edition. $5.00/0.04 oz.", "brand": "Colour Pop", "name": "Squeeze", "url": "http://www.temptalia.com/product/colour-pop-lippie-stix/squeeze", "review": "A", "user_rating": "0", "permanence": "LE", "rgb": [208, 105, 101], "color_name": "pink", "image_url": "http://www.temptalia.com/wp-content/uploads/2015/03/colourpop_squeeze004-400x355.jpg", "price": "$5.00", "price_per_ounce": 125.0}, {"full_text": "Limited Edition. $5.00/0.04 oz.", "brand": "Colour Pop", "name": "Precocious", "url": "http://www.temptalia.com/product/colour-pop-lippie-stix/precocious", "review": "B+", "user_rating": "0", "permanence": "LE", "rgb": [197, 87, 110], "color_name": "nude", "image_url": "http://www.temptalia.com/wp-content/uploads/2015/03/colourpop_precocious004-400x355.jpg", "price": "$5.00", "price_per_ounce": 125.0}, {"full_text": "Limited Edition. $5.00/0.04 oz.", "brand": "Colour Pop", "name": "Paramour", "url": "http://www.temptalia.com/product/colour-pop-lippie-stix/paramour", "review": "B-", "user_rating": "0", "permanence": "LE", "rgb": [62, 11, 10], "color_name": "burgundy", "image_url": "http://www.temptalia.com/wp-content/uploads/2015/03/colourpop_paramour004-400x355.jpg", "price": "$5.00", "price_per_ounce": 125.0}, {"full_text": "Permanent. $6.00/0.09 oz.", "brand": "NYX", "name": "Privileged", "url": "http://www.temptalia.com/product/nyx-high-voltage-lipstick/privileged", "review": "A", "user_rating": "0", "permanence": "P", "rgb": [234, 128, 70], "color_name": "fuchsia", "image_url": "http://www.temptalia.com/wp-content/uploads/2015/03/nyx_privileged004-400x355.jpg", "price": "$6.00", "price_per_ounce": 66.66666666666667}, {"full_text": "Permanent. $6.00/0.09 oz.", "brand": "NYX", "name": "Twisted", "url": "http://www.temptalia.com/product/nyx-high-voltage-lipstick/twisted", "review": "B+", "user_rating": "0", "permanence": "P", "rgb": [186, 151, 70], "color_name": "purple", "image_url": "http://www.temptalia.com/wp-content/uploads/2015/03/nyx_twisted004-400x355.jpg", "price": "$6.00", "price_per_ounce": 66.66666666666667}, {"full_text": "Permanent. $6.00/0.09 oz.", "brand": "NYX", "name": "Playdate", "url": "http://www.temptalia.com/product/nyx-high-voltage-lipstick/playdate", "review": "B", "user_rating": "3", "permanence": "P", "rgb": [185, 138, 106], "color_name": "fuchsia", "image_url": "http://www.temptalia.com/wp-content/uploads/2015/03/nyx_playdate004-400x355.jpg", "price": "$6.00", "price_per_ounce": 66.66666666666667}, {"full_text": "Limited Edition. $17.00/0.10 oz.", "brand": "MAC", "name": "Real Redhead", "url": "http://www.temptalia.com/product/mac-cosmetics-lipstick/real-redhead", "review": "B-", "user_rating": "0", "permanence": "LE", "rgb": [200, 89, 101], "color_name": "pink", "image_url": "http://www.temptalia.com/wp-content/uploads/2015/03/mac_realredhead004-400x355.jpg", "price": "$17.00", "price_per_ounce": 170.0}, {"full_text": "Limited Edition. $17.00/0.10 oz.", "brand": "MAC", "name": "Diva-ish", "url": "http://www.temptalia.com/product/mac-cosmetics-lipstick/diva-ish", "review": "B+", "user_rating": "0", "permanence": "LE", "rgb": [203, 77, 45], "color_name": "pink", "image_url": "http://www.temptalia.com/wp-content/uploads/2015/03/mac_divaish004-400x355.jpg", "price": "$17.00", "price_per_ounce": 170.0}, {"full_text": "Limited Edition. $17.00/0.10 oz.", "brand": "MAC", "name": "Make Me Gorgeous", "url": "http://www.temptalia.com/product/mac-cosmetics-lipstick/make-me-gorgeous", "review": "A", "user_rating": "5", "permanence": "LE", "rgb": [234, 81, 74], "color_name": "pink", "image_url": "http://www.temptalia.com/wp-content/uploads/2015/03/mac_makemegorgeous004-400x355.jpg", "price": "$17.00", "price_per_ounce": 170.0}, {"full_text": "Limited Edition. $17.00/0.10 oz.", "brand": "MAC", "name": "Weekend 1", "url": "http://www.temptalia.com/product/mac-cosmetics-lipstick/weekend-1", "review": "C", "user_rating": "0", "permanence": "LE", "rgb": [208, 153, 150], "color_name": "nude", "image_url": "http://www.temptalia.com/wp-content/uploads/2015/03/mac_whosthedjpalette012-400x355.jpg", "price": "$17.00", "price_per_ounce": 170.0}, {"full_text": "Limited Edition. $17.00/0.10 oz.", "brand": "MAC", "name": "She's a Peach", "url": "http://www.temptalia.com/product/mac-cosmetics-lipstick/shes-a-peach", "review": "B", "user_rating": "0", "permanence": "LE", "rgb": [216, 112, 131], "color_name": "orange", "image_url": "http://www.temptalia.com/wp-content/uploads/2015/03/mac_whosthedjpalette017-400x355.jpg", "price": "$17.00", "price_per_ounce": 170.0}, {"full_text": "Limited Edition. $17.00/0.10 oz.", "brand": "MAC", "name": "Weekend 2", "url": "http://www.temptalia.com/product/mac-cosmetics-lipstick/weekend-2", "review": "A-", "user_rating": "0", "permanence": "LE", "rgb": [190, 154, 118], "color_name": "purple", "image_url": "http://www.temptalia.com/wp-content/uploads/2015/03/mac_whosthedjpalette022-400x355.jpg", "price": "$17.00", "price_per_ounce": 170.0}, {"full_text": "Limited Edition. $17.00/0.10 oz.", "brand": "MAC", "name": "Umbrella Sky", "url": "http://www.temptalia.com/product/mac-cosmetics-lipstick/umbrella-sky", "review": "D+", "user_rating": "0", "permanence": "LE", "rgb": [152, 169, 164], "color_name": "grey", "image_url": "http://www.temptalia.com/wp-content/uploads/2015/03/mac_whosthedjpalette027-400x355.jpg", "price": "$17.00", "price_per_ounce": 170.0}, {"full_text": "Limited Edition. $17.00/0.10 oz.", "brand": "MAC", "name": "Vintage Radio", "url": "http://www.temptalia.com/product/mac-cosmetics-lipstick/vintage-radio", "review": "C-", "user_rating": "0", "permanence": "LE", "rgb": [156, 141, 156], "color_name": "grey", "image_url": "http://www.temptalia.com/wp-content/uploads/2015/03/mac_whosthedjpalette032-400x355.jpg", "price": "$17.00", "price_per_ounce": 170.0}, {"full_text": "Limited Edition. $17.00/0.10 oz.", "brand": "MAC", "name": "Desert Sun", "url": "http://www.temptalia.com/product/mac-cosmetics-lipstick/desert-sun", "review": "C+", "user_rating": "0", "permanence": "LE", "rgb": [204, 134, 144], "color_name": "nude", "image_url": "http://www.temptalia.com/wp-content/uploads/2015/03/mac_whosthedjpalette007-400x355.jpg", "price": "$17.00", "price_per_ounce": 170.0}, {"full_text": "Limited Edition. $17.00/0.10 oz.", "brand": "MAC", "name": "Hollywood Cerise", "url": "http://www.temptalia.com/product/mac-cosmetics-lipstick/hollywood-cerise", "review": "A", "user_rating": "5", "permanence": "LE", "rgb": [198, 80, 33], "color_name": "fuchsia", "image_url": "http://www.temptalia.com/wp-content/uploads/2015/03/mac_hollywoodcerise004-400x355.jpg", "price": "$17.00", "price_per_ounce": 170.0}, {"full_text": "Limited Edition. $17.00/0.10 oz.", "brand": "MAC", "name": "Maria Moretti", "url": "http://www.temptalia.com/product/mac-cosmetics-lipstick/maria-moretti", "review": "A", "user_rating": "0", "permanence": "LE", "rgb": [192, 33, 25], "color_name": "pink", "image_url": "http://www.temptalia.com/wp-content/uploads/2015/03/mac_mariamoretti004-400x355.jpg", "price": "$17.00", "price_per_ounce": 170.0}, {"full_text": "Limited Edition. $17.00/0.10 oz.", "brand": "MAC", "name": "Catty", "url": "http://www.temptalia.com/product/mac-cosmetics-lipstick/catty", "review": "C", "user_rating": "0", "permanence": "LE", "rgb": [198, 112, 108], "color_name": "nude", "image_url": "http://www.temptalia.com/wp-content/uploads/2015/03/mac_catty004-400x355.jpg", "price": "$17.00", "price_per_ounce": 170.0}, {"full_text": "Limited Edition. $17.00/0.10 oz.", "brand": "MAC", "name": "French Twist", "url": "http://www.temptalia.com/product/mac-cosmetics-lipstick/french-twist", "review": "C+", "user_rating": "0", "permanence": "LE", "rgb": [200, 100, 114], "color_name": "pink", "image_url": "http://www.temptalia.com/wp-content/uploads/2015/03/mac_frenchtwist004-400x355.jpg", "price": "$17.00", "price_per_ounce": 170.0}, {"full_text": "Limited Edition. $17.00/0.10 oz.", "brand": "MAC", "name": "Highlights", "url": "http://www.temptalia.com/product/mac-cosmetics-lipstick/highlights", "review": "C", "user_rating": "0", "permanence": "LE", "rgb": [188, 89, 102], "color_name": "nude", "image_url": "http://www.temptalia.com/wp-content/uploads/2015/03/mac_highlights004-400x355.jpg", "price": "$17.00", "price_per_ounce": 170.0}, {"full_text": "Limited Edition. $17.00/0.10 oz.", "brand": "MAC", "name": "Notice Me", "url": "http://www.temptalia.com/product/mac-cosmetics-lipstick/notice-me", "review": "C", "user_rating": "0", "permanence": "LE", "rgb": [192, 115, 109], "color_name": "nude", "image_url": "http://www.temptalia.com/wp-content/uploads/2015/03/mac_noticeme004-400x355.jpg", "price": "$17.00", "price_per_ounce": 170.0}, {"full_text": "Limited Edition. $17.00/0.10 oz.", "brand": "MAC", "name": "Pure Vanity", "url": "http://www.temptalia.com/product/mac-cosmetics-lipstick/pure-vanity", "review": "C+", "user_rating": "0", "permanence": "LE", "rgb": [194, 94, 105], "color_name": "pink", "image_url": "http://www.temptalia.com/wp-content/uploads/2015/03/mac_purevanity005-400x355.jpg", "price": "$17.00", "price_per_ounce": 170.0}, {"full_text": "Limited Edition. $17.00/0.10 oz.", "brand": "MAC", "name": "Call the Hairdresser!", "url": "http://www.temptalia.com/product/mac-cosmetics-lipstick/call-the-hairdresser", "review": "B", "user_rating": "3", "permanence": "LE", "rgb": [210, 80, 76], "color_name": "pink", "image_url": "http://www.temptalia.com/wp-content/uploads/2015/03/mac_callthehairdresser004-400x355.jpg", "price": "$17.00", "price_per_ounce": 170.0}, {"full_text": "Permanent. $21.00/0.40 oz.", "brand": "Too Faced", "name": "Melted Strawberry", "url": "http://www.temptalia.com/product/too-faced-melted-liquified-long-wear-lipstick/melted-strawberry", "review": "A+", "user_rating": "0", "permanence": "P", "rgb": [220, 34, 13], "color_name": "pink", "image_url": "http://www.temptalia.com/wp-content/uploads/2015/03/toofaced_meltedstrawberry004-400x355.jpg", "price": "$21.00", "price_per_ounce": 52.5}, {"full_text": "Limited Edition. $36.00/0.15 oz.", "brand": "Bite Beauty", "name": "#001 (Reformulation)", "url": "http://www.temptalia.com/product/bite-beauty-lip-lab-limited-release-creme-deluxe-lipstick/001-reformulation", "review": "B", "user_rating": "0", "permanence": "LE", "rgb": [93, 8, 8], "color_name": "burgundy", "image_url": "http://www.temptalia.com/wp-content/uploads/2015/03/bitebeauty_001reformulation004-400x355.jpg", "price": "$36.00", "price_per_ounce": 240.0}, {"full_text": "Limited Edition. $7.49/0.15 oz.", "brand": "Maybelline", "name": "Playful Peony (975)", "url": "http://www.temptalia.com/product/maybelline-colorsensational-lipcolor/playful-peony-975", "review": "B-", "user_rating": "0", "permanence": "LE", "rgb": [213, 143, 106], "color_name": "fuchsia", "image_url": "http://www.temptalia.com/wp-content/uploads/2015/03/maybelline_975playfulpeony004-400x355.jpg", "price": "$7.49", "price_per_ounce": 49.93333333333334}, {"full_text": "Limited Edition. $7.49/0.15 oz.", "brand": "Maybelline", "name": "Tangy Tulip (960)", "url": "http://www.temptalia.com/product/maybelline-colorsensational-lipcolor/tangy-tulip-960", "review": "B", "user_rating": "4", "permanence": "LE", "rgb": [218, 32, 57], "color_name": "pink", "image_url": "http://www.temptalia.com/wp-content/uploads/2015/03/maybelline_960tangytulip004-400x355.jpg", "price": "$7.49", "price_per_ounce": 49.93333333333334}, {"full_text": "Limited Edition. $7.49/0.15 oz.", "brand": "Maybelline", "name": "Bubblegum Bloom (965)", "url": "http://www.temptalia.com/product/maybelline-colorsensational-lipcolor/bubblegum-bloom-965", "review": "F", "user_rating": "3", "permanence": "LE", "rgb": [209, 146, 134], "color_name": "nude", "image_url": "http://www.temptalia.com/wp-content/uploads/2015/03/maybelline_965bubblegumbloom004-400x355.jpg", "price": "$7.49", "price_per_ounce": 49.93333333333334}, {"full_text": "Limited Edition. $7.49/0.15 oz.", "brand": "Maybelline", "name": "Carnation Cabernet (970)", "url": "http://www.temptalia.com/product/maybelline-colorsensational-lipcolor/carnation-cabernet-970", "review": "B+", "user_rating": "4", "permanence": "LE", "rgb": [200, 74, 31], "color_name": "fuchsia", "image_url": "http://www.temptalia.com/wp-content/uploads/2015/03/maybelline_970carnationcabernet004-400x355.jpg", "price": "$7.49", "price_per_ounce": 49.93333333333334}, {"full_text": "Limited Edition. $36.00/0.15 oz.", "brand": "Bite Beauty", "name": "#003", "url": "http://www.temptalia.com/product/bite-beauty-lip-lab-limited-release-creme-deluxe-lipstick/003-2", "review": "A", "user_rating": "0", "permanence": "LE", "rgb": [223, 40, 33], "color_name": "pink", "image_url": "http://www.temptalia.com/wp-content/uploads/2015/03/bitebeauty_shade003limited005-400x355.jpg", "price": "$36.00", "price_per_ounce": 240.0}, {"full_text": "Limited Edition. $17.00/0.10 oz.", "brand": "MAC", "name": "Acai", "url": "http://www.temptalia.com/product/mac-cosmetics-lipstick/acai", "review": "B+", "user_rating": "0", "permanence": "LE", "rgb": [142, 50, 15], "color_name": "fuchsia", "image_url": "http://www.temptalia.com/wp-content/uploads/2015/03/mac_acai004-400x355.jpg", "price": "$17.00", "price_per_ounce": 170.0}, {"full_text": "Limited Edition. $17.00/0.10 oz.", "brand": "MAC", "name": "Boca", "url": "http://www.temptalia.com/product/mac-cosmetics-lipstick/boca", "review": "A", "user_rating": "0", "permanence": "LE", "rgb": [203, 95, 100], "color_name": "pink", "image_url": "http://www.temptalia.com/wp-content/uploads/2015/03/mac_boca004-400x355.jpg", "price": "$17.00", "price_per_ounce": 170.0}, {"full_text": "Limited Edition. $17.00/0.10 oz.", "brand": "MAC", "name": "Petite Red", "url": "http://www.temptalia.com/product/mac-cosmetics-lipstick/petite-red", "review": "A-", "user_rating": "5", "permanence": "LE", "rgb": [212, 55, 23], "color_name": "pink", "image_url": "http://www.temptalia.com/wp-content/uploads/2015/03/mac_petitered004-400x355.jpg", "price": "$17.00", "price_per_ounce": 170.0}, {"full_text": "Limited Edition. $17.00/0.10 oz.", "brand": "MAC", "name": "Burmese Kiss", "url": "http://www.temptalia.com/product/mac-cosmetics-lipstick/burmese-kiss", "review": "A", "user_rating": "3", "permanence": "LE", "rgb": [227, 64, 51], "color_name": "pink", "image_url": "http://www.temptalia.com/wp-content/uploads/2015/03/mac_burmesekiss004-400x355.jpg", "price": "$17.00", "price_per_ounce": 170.0}, {"full_text": "Limited Edition. $17.00/0.10 oz.", "brand": "MAC", "name": "Lavender Jade", "url": "http://www.temptalia.com/product/mac-cosmetics-lipstick/lavender-jade", "review": "A-", "user_rating": "5", "permanence": "LE", "rgb": [211, 185, 123], "color_name": "purple", "image_url": "http://www.temptalia.com/wp-content/uploads/2015/03/mac_lavenderjade004-400x355.jpg", "price": "$17.00", "price_per_ounce": 170.0}, {"full_text": "Limited Edition. $17.00/0.10 oz.", "brand": "MAC", "name": "Forbidden Sunrise", "url": "http://www.temptalia.com/product/mac-cosmetics-lipstick/forbidden-sunrise", "review": "A", "user_rating": "0", "permanence": "LE", "rgb": [238, 32, 74], "color_name": "orange", "image_url": "http://www.temptalia.com/wp-content/uploads/2015/03/mac_forbiddensunrise004-400x355.jpg", "price": "$17.00", "price_per_ounce": 170.0}, {"full_text": "Limited Edition. $17.00/0.10 oz.", "brand": "MAC", "name": "Romantic Breakdown", "url": "http://www.temptalia.com/product/mac-cosmetics-lipstick/romantic-breakdown", "review": "C+", "user_rating": "0", "permanence": "LE", "rgb": [191, 95, 106], "color_name": "nude", "image_url": "http://www.temptalia.com/wp-content/uploads/2015/03/mac_romanticbreakdown004-400x355.jpg", "price": "$17.00", "price_per_ounce": 170.0}, {"full_text": "Permanent. $21.00/0.40 oz.", "brand": "Too Faced", "name": "Melted Villain", "url": "http://www.temptalia.com/product/too-faced-melted-liquified-long-wear-lipstick/melted-villain", "review": "A", "user_rating": "4", "permanence": "P", "rgb": [41, 32, 17], "color_name": "purple", "image_url": "http://www.temptalia.com/wp-content/uploads/2015/03/toofaced_meltedvillain004-400x355.jpg", "price": "$21.00", "price_per_ounce": 52.5}, {"full_text": "Permanent. $36.00/0.12 oz.", "brand": "Chanel", "name": "Mademoiselle (434)", "url": "http://www.temptalia.com/product/chanel-rouge-coco-lipstick-2015/mademoiselle-434", "review": "A-", "user_rating": "4", "permanence": "P", "rgb": [198, 76, 74], "color_name": "pink", "image_url": "http://www.temptalia.com/wp-content/uploads/2015/05/chanel_434mademoiselle004-400x355.jpg", "price": "$36.00", "price_per_ounce": 300.0}, {"full_text": "Permanent. $36.00/0.12 oz.", "brand": "Chanel", "name": "Maggy (436)", "url": "http://www.temptalia.com/product/chanel-rouge-coco-lipstick-2015/maggy-436", "review": "B-", "user_rating": "0", "permanence": "P", "rgb": [184, 69, 66], "color_name": "pink", "image_url": "http://www.temptalia.com/wp-content/uploads/2015/05/chanel_436maggy004-400x355.jpg", "price": "$36.00", "price_per_ounce": 300.0}, {"full_text": "Permanent. $36.00/0.12 oz.", "brand": "Chanel", "name": "Suzanne (438)", "url": "http://www.temptalia.com/product/chanel-rouge-coco-lipstick-2015/suzanne-438", "review": "A-", "user_rating": "4", "permanence": "P", "rgb": [195, 71, 66], "color_name": "pink", "image_url": "http://www.temptalia.com/wp-content/uploads/2015/02/chanel_438suzanne004-400x355.jpg", "price": "$36.00", "price_per_ounce": 300.0}, {"full_text": "Permanent. $36.00/0.12 oz.", "brand": "Chanel", "name": "Elise (448)", "url": "http://www.temptalia.com/product/chanel-rouge-coco-lipstick-2015/elise-448", "review": "C", "user_rating": "0", "permanence": "P", "rgb": [201, 92, 67], "color_name": "pink", "image_url": "http://www.temptalia.com/wp-content/uploads/2015/03/chanel_448elise004-400x355.jpg", "price": "$36.00", "price_per_ounce": 300.0}, {"full_text": "Permanent. $36.00/0.12 oz.", "brand": "Chanel", "name": "Ina (450)", "url": "http://www.temptalia.com/product/chanel-rouge-coco-lipstick-2015/ina-450", "review": "C", "user_rating": "0", "permanence": "P", "rgb": [202, 81, 49], "color_name": "pink", "image_url": "http://www.temptalia.com/wp-content/uploads/2015/03/chanel_450ina004-400x355.jpg", "price": "$36.00", "price_per_ounce": 300.0}, {"full_text": "Permanent. $36.00/0.12 oz.", "brand": "Chanel", "name": "Emilienne (452)", "url": "http://www.temptalia.com/product/chanel-rouge-coco-lipstick-2015/emilienne-452", "review": "B+", "user_rating": "4", "permanence": "P", "rgb": [185, 55, 38], "color_name": "pink", "image_url": "http://www.temptalia.com/wp-content/uploads/2015/03/chanel_452emilienne004-400x355.jpg", "price": "$36.00", "price_per_ounce": 300.0}, {"full_text": "Permanent. $36.00/0.12 oz.", "brand": "Chanel", "name": "Jean (454)", "url": "http://www.temptalia.com/product/chanel-rouge-coco-lipstick-2015/jean-454", "review": "B", "user_rating": "0", "permanence": "P", "rgb": [205, 99, 53], "color_name": "fuchsia", "image_url": "http://www.temptalia.com/wp-content/uploads/2015/02/chanel_454jean004-400x355.jpg", "price": "$36.00", "price_per_ounce": 300.0}, {"full_text": "Permanent. $36.00/0.12 oz.", "brand": "Chanel", "name": "Erik (456)", "url": "http://www.temptalia.com/product/chanel-rouge-coco-lipstick-2015/erik-456", "review": "B-", "user_rating": "0", "permanence": "P", "rgb": [164, 62, 33], "color_name": "red", "image_url": "http://www.temptalia.com/wp-content/uploads/2015/02/chanel_456erik004-400x355.jpg", "price": "$36.00", "price_per_ounce": 300.0}, {"full_text": "Permanent. $36.00/0.12 oz.", "brand": "Chanel", "name": "Etienne (446)", "url": "http://www.temptalia.com/product/chanel-rouge-coco-lipstick-2015/etienne-446", "review": "A-", "user_rating": "4", "permanence": "P", "rgb": [183, 52, 39], "color_name": "pink", "image_url": "http://www.temptalia.com/wp-content/uploads/2015/02/chanel_446etienne004-400x355.jpg", "price": "$36.00", "price_per_ounce": 300.0}, {"full_text": "Permanent. $36.00/0.12 oz.", "brand": "Chanel", "name": "Adrienne (402)", "url": "http://www.temptalia.com/product/chanel-rouge-coco-lipstick-2015/adrienne-402", "review": "B", "user_rating": "0", "permanence": "P", "rgb": [197, 81, 93], "color_name": "pink", "image_url": "http://www.temptalia.com/wp-content/uploads/2015/03/chanel_402adrienne004-400x355.jpg", "price": "$36.00", "price_per_ounce": 300.0}, {"full_text": "Permanent. $36.00/0.12 oz.", "brand": "Chanel", "name": "Julia (404)", "url": "http://www.temptalia.com/product/chanel-rouge-coco-lipstick-2015/julia-404", "review": "A-", "user_rating": "4", "permanence": "P", "rgb": [187, 69, 85], "color_name": "pink", "image_url": "http://www.temptalia.com/wp-content/uploads/2015/03/chanel_404julia004-400x355.jpg", "price": "$36.00", "price_per_ounce": 300.0}, {"full_text": "Permanent. $36.00/0.12 oz.", "brand": "Chanel", "name": "Antoinette (406)", "url": "http://www.temptalia.com/product/chanel-rouge-coco-lipstick-2015/antoinette-406", "review": "A", "user_rating": "0", "permanence": "P", "rgb": [169, 39, 42], "color_name": "pink", "image_url": "http://www.temptalia.com/wp-content/uploads/2015/03/chanel_406antoinette004-400x355.jpg", "price": "$36.00", "price_per_ounce": 300.0}, {"full_text": "Permanent. $36.00/0.12 oz.", "brand": "Chanel", "name": "Jeanne (408)", "url": "http://www.temptalia.com/product/chanel-rouge-coco-lipstick-2015/jeanne-408", "review": "B+", "user_rating": "0", "permanence": "P", "rgb": [144, 25, 26], "color_name": "red", "image_url": "http://www.temptalia.com/wp-content/uploads/2015/03/chanel_408jeanne004-400x355.jpg", "price": "$36.00", "price_per_ounce": 300.0}, {"full_text": "Permanent. $36.00/0.12 oz.", "brand": "Chanel", "name": "Catherine (410)", "url": "http://www.temptalia.com/product/chanel-rouge-coco-lipstick-2015/catherine-410", "review": "C+", "user_rating": "0", "permanence": "P", "rgb": [199, 93, 105], "color_name": "pink", "image_url": "http://www.temptalia.com/wp-content/uploads/2015/05/chanel_410catherine004-400x355.jpg", "price": "$36.00", "price_per_ounce": 300.0}, {"full_text": "Permanent. $36.00/0.12 oz.", "brand": "Chanel", "name": "Teheran (412)", "url": "http://www.temptalia.com/product/chanel-rouge-coco-lipstick-2015/teheran-412", "review": "A-", "user_rating": "0", "permanence": "P", "rgb": [211, 59, 67], "color_name": "pink", "image_url": "http://www.temptalia.com/wp-content/uploads/2015/05/chanel_412teheran004-400x355.jpg", "price": "$36.00", "price_per_ounce": 300.0}, {"full_text": "Permanent. $36.00/0.12 oz.", "brand": "Chanel", "name": "Sari Dore (414)", "url": "http://www.temptalia.com/product/chanel-rouge-coco-lipstick-2015/sari-dore-414", "review": "A-", "user_rating": "0", "permanence": "P", "rgb": [218, 59, 83], "color_name": "pink", "image_url": "http://www.temptalia.com/wp-content/uploads/2015/05/chanel_414saridore004-400x355.jpg", "price": "$36.00", "price_per_ounce": 300.0}, {"full_text": "Permanent. $36.00/0.12 oz.", "brand": "Chanel", "name": "Coco (416)", "url": "http://www.temptalia.com/product/chanel-rouge-coco-lipstick-2015/coco-416", "review": "B+", "user_rating": "0", "permanence": "P", "rgb": [200, 34, 48], "color_name": "pink", "image_url": "http://www.temptalia.com/wp-content/uploads/2015/03/chanel_416coco004-400x355.jpg", "price": "$36.00", "price_per_ounce": 300.0}, {"full_text": "Permanent. $36.00/0.12 oz.", "brand": "Chanel", "name": "Misia (418)", "url": "http://www.temptalia.com/product/chanel-rouge-coco-lipstick-2015/misia-418", "review": "A-", "user_rating": "0", "permanence": "P", "rgb": [205, 43, 57], "color_name": "pink", "image_url": "http://www.temptalia.com/wp-content/uploads/2015/02/chanel_418misia004-400x355.jpg", "price": "$36.00", "price_per_ounce": 300.0}, {"full_text": "Permanent. $36.00/0.12 oz.", "brand": "Chanel", "name": "Vera (420)", "url": "http://www.temptalia.com/product/chanel-rouge-coco-lipstick-2015/vera-420", "review": "C-", "user_rating": "0", "permanence": "P", "rgb": [201, 105, 107], "color_name": "pink", "image_url": "http://www.temptalia.com/wp-content/uploads/2015/05/chanel_420vera004-400x355.jpg", "price": "$36.00", "price_per_ounce": 300.0}, {"full_text": "Permanent. $36.00/0.12 oz.", "brand": "Chanel", "name": "Olga (422)", "url": "http://www.temptalia.com/product/chanel-rouge-coco-lipstick-2015/olga-422", "review": "C", "user_rating": "0", "permanence": "P", "rgb": [213, 108, 107], "color_name": "pink", "image_url": "http://www.temptalia.com/wp-content/uploads/2015/02/chanel_422olga004-400x355.jpg", "price": "$36.00", "price_per_ounce": 300.0}, {"full_text": "Permanent. $36.00/0.12 oz.", "brand": "Chanel", "name": "Edith (424)", "url": "http://www.temptalia.com/product/chanel-rouge-coco-lipstick-2015/edith-424", "review": "B+", "user_rating": "4", "permanence": "P", "rgb": [216, 96, 73], "color_name": "pink", "image_url": "http://www.temptalia.com/wp-content/uploads/2015/03/chanel_424edith004-400x355.jpg", "price": "$36.00", "price_per_ounce": 300.0}, {"full_text": "Permanent. $36.00/0.12 oz.", "brand": "Chanel", "name": "Roussy (426)", "url": "http://www.temptalia.com/product/chanel-rouge-coco-lipstick-2015/roussy-426", "review": "B+", "user_rating": "5", "permanence": "P", "rgb": [222, 99, 80], "color_name": "pink", "image_url": "http://www.temptalia.com/wp-content/uploads/2015/05/chanel_426roussy004-400x355.jpg", "price": "$36.00", "price_per_ounce": 300.0}, {"full_text": "Permanent. $36.00/0.12 oz.", "brand": "Chanel", "name": "Legende (428)", "url": "http://www.temptalia.com/product/chanel-rouge-coco-lipstick-2015/legende-428", "review": "B+", "user_rating": "4", "permanence": "P", "rgb": [208, 73, 70], "color_name": "pink", "image_url": "http://www.temptalia.com/wp-content/uploads/2015/05/chanel_428legende004-400x355.jpg", "price": "$36.00", "price_per_ounce": 300.0}, {"full_text": "Permanent. $36.00/0.12 oz.", "brand": "Chanel", "name": "Marie (430)", "url": "http://www.temptalia.com/product/chanel-rouge-coco-lipstick-2015/marie-430", "review": "A-", "user_rating": "5", "permanence": "P", "rgb": [199, 61, 54], "color_name": "pink", "image_url": "http://www.temptalia.com/wp-content/uploads/2015/02/chanel_430marie004-400x355.jpg", "price": "$36.00", "price_per_ounce": 300.0}, {"full_text": "Permanent. $36.00/0.12 oz.", "brand": "Chanel", "name": "Cecile (432)", "url": "http://www.temptalia.com/product/chanel-rouge-coco-lipstick-2015/cecile-432", "review": "B+", "user_rating": "0", "permanence": "P", "rgb": [207, 96, 97], "color_name": "pink", "image_url": "http://www.temptalia.com/wp-content/uploads/2015/02/chanel_432cecile004-400x355.jpg", "price": "$36.00", "price_per_ounce": 300.0}, {"full_text": "Permanent. $36.00/0.12 oz.", "brand": "Chanel", "name": "Arthur (440)", "url": "http://www.temptalia.com/product/chanel-rouge-coco-lipstick-2015/arthur-440", "review": "A-", "user_rating": "4", "permanence": "P", "rgb": [208, 34, 34], "color_name": "pink", "image_url": "http://www.temptalia.com/wp-content/uploads/2015/02/chanel_440arthur004-400x355.jpg", "price": "$36.00", "price_per_ounce": 300.0}, {"full_text": "Permanent. $36.00/0.12 oz.", "brand": "Chanel", "name": "Dimitri (442)", "url": "http://www.temptalia.com/product/chanel-rouge-coco-lipstick-2015/dimitri-442", "review": "A-", "user_rating": "0", "permanence": "P", "rgb": [211, 49, 37], "color_name": "pink", "image_url": "http://www.temptalia.com/wp-content/uploads/2015/05/chanel_442dimitri004-400x355.jpg", "price": "$36.00", "price_per_ounce": 300.0}, {"full_text": "Permanent. $28.00/0.15 oz.", "brand": "Bite Beauty", "name": "Marzipan", "url": "http://www.temptalia.com/product/bite-beauty-butter-cream-lipstick/marzipan", "review": "A", "user_rating": "0", "permanence": "P", "rgb": [170, 48, 62], "color_name": "pink", "image_url": "http://www.temptalia.com/wp-content/uploads/2015/02/bitebeauty_marzipan004-400x355.jpg", "price": "$28.00", "price_per_ounce": 186.66666666666669}, {"full_text": "Permanent. $28.00/0.15 oz.", "brand": "Bite Beauty", "name": "Moka", "url": "http://www.temptalia.com/product/bite-beauty-butter-cream-lipstick/moka", "review": "B+", "user_rating": "4", "permanence": "P", "rgb": [183, 44, 53], "color_name": "pink", "image_url": "http://www.temptalia.com/wp-content/uploads/2015/02/bitebeauty_moka004-400x355.jpg", "price": "$28.00", "price_per_ounce": 186.66666666666669}, {"full_text": "Permanent. $28.00/0.15 oz.", "brand": "Bite Beauty", "name": "Cream", "url": "http://www.temptalia.com/product/bite-beauty-butter-cream-lipstick/cream", "review": "B", "user_rating": "0", "permanence": "P", "rgb": [198, 82, 106], "color_name": "orange", "image_url": "http://www.temptalia.com/wp-content/uploads/2015/02/bitebeauty_cream004-400x355.jpg", "price": "$28.00", "price_per_ounce": 186.66666666666669}, {"full_text": "Permanent. $28.00/0.15 oz.", "brand": "Bite Beauty", "name": "Caramel", "url": "http://www.temptalia.com/product/bite-beauty-butter-cream-lipstick/caramel", "review": "B+", "user_rating": "0", "permanence": "P", "rgb": [196, 70, 88], "color_name": "pink", "image_url": "http://www.temptalia.com/wp-content/uploads/2015/02/bitebeauty_caramel004-400x355.jpg", "price": "$28.00", "price_per_ounce": 186.66666666666669}, {"full_text": "Permanent. $20.00/0.11 oz.", "brand": "Anastasia", "name": "Sweet Talker", "url": "http://www.temptalia.com/product/anastasia-liquid-lipstick/sweet-talker", "review": "A-", "user_rating": "0", "permanence": "P", "rgb": [252, 110, 60], "color_name": "fuchsia", "image_url": "http://www.temptalia.com/wp-content/uploads/2015/02/anastasia_sweettalker004-400x355.jpg", "price": "$20.00", "price_per_ounce": 181.8181818181818}, {"full_text": "Permanent. $28.00/0.15 oz.", "brand": "Bite Beauty", "name": "Pecan", "url": "http://www.temptalia.com/product/bite-beauty-butter-cream-lipstick/pecan", "review": "A", "user_rating": "0", "permanence": "P", "rgb": [196, 78, 90], "color_name": "pink", "image_url": "http://www.temptalia.com/wp-content/uploads/2015/02/bitebeauty_pecan004-400x355.jpg", "price": "$28.00", "price_per_ounce": 186.66666666666669}, {"full_text": "Permanent. $28.00/0.15 oz.", "brand": "Bite Beauty", "name": "Heather", "url": "http://www.temptalia.com/product/bite-beauty-butter-cream-lipstick/heather", "review": "B+", "user_rating": "0", "permanence": "P", "rgb": [200, 73, 79], "color_name": "pink", "image_url": "http://www.temptalia.com/wp-content/uploads/2015/02/bitebeauty_heather004-400x355.jpg", "price": "$28.00", "price_per_ounce": 186.66666666666669}, {"full_text": "Permanent. $28.00/0.15 oz.", "brand": "Bite Beauty", "name": "Rosewood", "url": "http://www.temptalia.com/product/bite-beauty-butter-cream-lipstick/rosewood", "review": "A", "user_rating": "0", "permanence": "P", "rgb": [180, 63, 55], "color_name": "pink", "image_url": "http://www.temptalia.com/wp-content/uploads/2015/02/bitebeauty_rosewood004-400x355.jpg", "price": "$28.00", "price_per_ounce": 186.66666666666669}, {"full_text": "Permanent. $28.00/0.15 oz.", "brand": "Bite Beauty", "name": "Hazelnut", "url": "http://www.temptalia.com/product/bite-beauty-butter-cream-lipstick/hazelnut", "review": "A", "user_rating": "0", "permanence": "P", "rgb": [190, 77, 76], "color_name": "pink", "image_url": "http://www.temptalia.com/wp-content/uploads/2015/02/bitebeauty_hazelnut004-400x355.jpg", "price": "$28.00", "price_per_ounce": 186.66666666666669}, {"full_text": "Permanent. $20.00/0.11 oz.", "brand": "Anastasia", "name": "Vintage", "url": "http://www.temptalia.com/product/anastasia-liquid-lipstick/vintage", "review": "B-", "user_rating": "0", "permanence": "P", "rgb": [144, 92, 36], "color_name": "purple", "image_url": "http://www.temptalia.com/wp-content/uploads/2015/02/anastasia_vintage004-400x355.jpg", "price": "$20.00", "price_per_ounce": 181.8181818181818}, {"full_text": "Limited Edition. $36.00/0.15 oz.", "brand": "Bite Beauty", "name": "#002", "url": "http://www.temptalia.com/product/bite-beauty-lip-lab-limited-release-creme-deluxe-lipstick/002-2", "review": "A", "user_rating": "0", "permanence": "LE", "rgb": [185, 84, 28], "color_name": "fuchsia", "image_url": "http://www.temptalia.com/wp-content/uploads/2015/02/bitebeauty_february2015liplab005-400x355.jpg", "price": "$36.00", "price_per_ounce": 240.0}, {"full_text": "Limited Edition. $17.00/0.10 oz.", "brand": "MAC", "name": "Free as a Butterfly", "url": "http://www.temptalia.com/product/mac-cosmetics-lipstick/free-as-a-butterfly", "review": "B-", "user_rating": "0", "permanence": "LE", "rgb": [198, 110, 123], "color_name": "nude", "image_url": "http://www.temptalia.com/wp-content/uploads/2015/02/mac_freeasabutterfly004-400x355.jpg", "price": "$17.00", "price_per_ounce": 170.0}, {"full_text": "Limited Edition. $17.00/0.10 oz.", "brand": "MAC", "name": "Royal Ball", "url": "http://www.temptalia.com/product/mac-cosmetics-lipstick/royal-ball", "review": "C+", "user_rating": "4", "permanence": "LE", "rgb": [201, 115, 118], "color_name": "nude", "image_url": "http://www.temptalia.com/wp-content/uploads/2015/02/mac_royalball004-400x355.jpg", "price": "$17.00", "price_per_ounce": 170.0}, {"full_text": "Permanent. $20.00/0.11 oz.", "brand": "Anastasia", "name": "Party Pink", "url": "http://www.temptalia.com/product/anastasia-liquid-lipstick/party-pink", "review": "B+", "user_rating": "0", "permanence": "P", "rgb": [252, 163, 81], "color_name": "fuchsia", "image_url": "http://www.temptalia.com/wp-content/uploads/2015/02/anastasia_partypink004-400x355.jpg", "price": "$20.00", "price_per_ounce": 181.8181818181818}, {"full_text": "Permanent. $21.00/0.40 oz.", "brand": "Too Faced", "name": "Melted Jelly Donut", "url": "http://www.temptalia.com/product/too-faced-melted-liquified-long-wear-lipstick/melted-jelly-donut", "review": "A+", "user_rating": "4", "permanence": "P", "rgb": [221, 84, 19], "color_name": "fuchsia", "image_url": "http://www.temptalia.com/wp-content/uploads/2015/03/toofaced_meltedjellydonut004-400x355.jpg", "price": "$21.00", "price_per_ounce": 52.5}, {"full_text": "Permanent. $30.00/0.12 oz.", "brand": "Marc Jacobs Beauty", "name": "Blow (210)", "url": "http://www.temptalia.com/product/marc-jacobs-beauty-le-marc-lip-creme/blow-210", "review": "C+", "user_rating": "0", "permanence": "P", "rgb": [111, 13, 9], "color_name": "red", "image_url": "http://www.temptalia.com/wp-content/uploads/2015/02/marcjacobs_210blow007-400x355.jpg", "price": "$30.00", "price_per_ounce": 250.0}, {"full_text": "Permanent. $20.00/0.11 oz.", "brand": "Anastasia", "name": "Pure Hollywood", "url": "http://www.temptalia.com/product/anastasia-liquid-lipstick/pure-hollywood", "review": "C-", "user_rating": "5", "permanence": "P", "rgb": [215, 107, 121], "color_name": "pink", "image_url": "http://www.temptalia.com/wp-content/uploads/2015/01/anastasia_purehollywood004-400x355.jpg", "price": "$20.00", "price_per_ounce": 181.8181818181818}, {"full_text": "Permanent. $20.00/0.11 oz.", "brand": "Anastasia", "name": "American Doll", "url": "http://www.temptalia.com/product/anastasia-liquid-lipstick/american-doll", "review": "A", "user_rating": "0", "permanence": "P", "rgb": [194, 23, 15], "color_name": "pink", "image_url": "http://www.temptalia.com/wp-content/uploads/2015/01/anastasia_americandoll004-400x355.jpg", "price": "$20.00", "price_per_ounce": 181.8181818181818}, {"full_text": "Limited Edition. $37.00/0.12 oz.", "brand": "Guerlain", "name": "Peach Satin (540)", "url": "http://www.temptalia.com/product/guerlain-kisskiss-lipstick/peach-satin-540", "review": "B+", "user_rating": "0", "permanence": "LE", "rgb": [233, 60, 97], "color_name": "orange", "image_url": "http://www.temptalia.com/wp-content/uploads/2015/01/guerlain_540peachsatin004-400x355.jpg", "price": "$37.00", "price_per_ounce": 308.33333333333337}, {"full_text": "Limited Edition. $17.00/0.10 oz.", "brand": "MAC", "name": "Oxblood", "url": "http://www.temptalia.com/product/mac-cosmetics-lipstick/oxblood", "review": "A", "user_rating": "5", "permanence": "LE", "rgb": [221, 96, 111], "color_name": "pink", "image_url": "http://www.temptalia.com/wp-content/uploads/2015/01/mac_oxblood004-400x355.jpg", "price": "$17.00", "price_per_ounce": 170.0}, {"full_text": "Limited Edition. $17.00/0.10 oz.", "brand": "MAC", "name": "Tenor Voice", "url": "http://www.temptalia.com/product/mac-cosmetics-lipstick/tenor-voice", "review": "A", "user_rating": "0", "permanence": "LE", "rgb": [216, 28, 16], "color_name": "pink", "image_url": "http://www.temptalia.com/wp-content/uploads/2015/01/mac_tenorvoice004-400x355.jpg", "price": "$17.00", "price_per_ounce": 170.0}, {"full_text": "Limited Edition. $17.00/0.10 oz.", "brand": "MAC", "name": "Victoriana", "url": "http://www.temptalia.com/product/mac-cosmetics-lipstick/victoriana", "review": "A", "user_rating": "5", "permanence": "LE", "rgb": [217, 40, 17], "color_name": "pink", "image_url": "http://www.temptalia.com/wp-content/uploads/2015/01/mac_victoriana004-400x355.jpg", "price": "$17.00", "price_per_ounce": 170.0}, {"full_text": "Limited Edition. $17.00/0.10 oz.", "brand": "MAC", "name": "Barbecue", "url": "http://www.temptalia.com/product/mac-cosmetics-lipstick/barbecue", "review": "A", "user_rating": "4", "permanence": "LE", "rgb": [228, 26, 33], "color_name": "pink", "image_url": "http://www.temptalia.com/wp-content/uploads/2015/01/mac_barbecue004-400x355.jpg", "price": "$17.00", "price_per_ounce": 170.0}, {"full_text": "Limited Edition. $17.00/0.10 oz.", "brand": "MAC", "name": "Opera", "url": "http://www.temptalia.com/product/mac-cosmetics-lipstick/opera", "review": "A", "user_rating": "4", "permanence": "LE", "rgb": [189, 12, 6], "color_name": "red", "image_url": "http://www.temptalia.com/wp-content/uploads/2015/01/mac_opera006-400x355.jpg", "price": "$17.00", "price_per_ounce": 170.0}, {"full_text": "Permanent. $26.00/0.12 oz.", "brand": "NARS", "name": "Liguria", "url": "http://www.temptalia.com/product/nars-cosmetics-sheer-lipstick/liguria", "review": "C+", "user_rating": "0", "permanence": "P", "rgb": [195, 65, 105], "color_name": "orange", "image_url": "http://www.temptalia.com/wp-content/uploads/2015/01/nars_liguria004-400x355.jpg", "price": "$26.00", "price_per_ounce": 216.66666666666669}, {"full_text": "Limited Edition. $36.00/0.15 oz.", "brand": "Bite Beauty", "name": "#001", "url": "http://www.temptalia.com/product/bite-beauty-lip-lab-limited-release-creme-deluxe-lipstick/001-2", "review": "C", "user_rating": "2", "permanence": "LE", "rgb": [98, 9, 10], "color_name": "red", "image_url": "http://www.temptalia.com/wp-content/uploads/2015/01/bitebeauty_001cremedeluxe008-400x355.jpg", "price": "$36.00", "price_per_ounce": 240.0}, {"full_text": "Permanent. $7.49/0.14 oz.", "brand": "Maybelline", "name": "Orchid Ecstasy (730)", "url": "http://www.temptalia.com/product/maybelline-color-sensational-rebel-bloom-lipstick/orchid-ecstasy-730", "review": "C+", "user_rating": "3", "permanence": "P", "rgb": [208, 112, 45], "color_name": "fuchsia", "image_url": "http://www.temptalia.com/wp-content/uploads/2015/01/maybelline_730orchidecstasy004-400x355.jpg", "price": "$7.49", "price_per_ounce": 53.49999999999999}, {"full_text": "Permanent. $20.00/0.22 oz.", "brand": "Kat Von D", "name": "Bauhau5", "url": "http://www.temptalia.com/product/kat-von-d-everlasting-liquid-lipstick/bauhau5", "review": "A", "user_rating": "4", "permanence": "P", "rgb": [187, 76, 21], "color_name": "fuchsia", "image_url": "http://www.temptalia.com/wp-content/uploads/2015/01/katvond_bauhau5liquid004-400x355.jpg", "price": "$20.00", "price_per_ounce": 90.9090909090909}, {"full_text": "Permanent. $7.49/0.14 oz.", "brand": "Maybelline", "name": "Power Peony (720)", "url": "http://www.temptalia.com/product/maybelline-color-sensational-rebel-bloom-lipstick/power-peony-720", "review": "B+", "user_rating": "0", "permanence": "P", "rgb": [218, 152, 95], "color_name": "fuchsia", "image_url": "http://www.temptalia.com/wp-content/uploads/2015/01/maybelline_720powerpeony004-400x355.jpg", "price": "$7.49", "price_per_ounce": 53.49999999999999}, {"full_text": "Permanent. $7.49/0.14 oz.", "brand": "Maybelline", "name": "Lilac Flush (725)", "url": "http://www.temptalia.com/product/maybelline-color-sensational-rebel-bloom-lipstick/lilac-flush-725", "review": "C+", "user_rating": "0", "permanence": "P", "rgb": [212, 173, 123], "color_name": "purple", "image_url": "http://www.temptalia.com/wp-content/uploads/2015/01/maybelline_725lilacflush004-400x355.jpg", "price": "$7.49", "price_per_ounce": 53.49999999999999}, {"full_text": "Permanent. $7.49/0.14 oz.", "brand": "Maybelline", "name": "Hibiscus Pop (715)", "url": "http://www.temptalia.com/product/maybelline-color-sensational-rebel-bloom-lipstick/hibiscus-pop-715", "review": "C", "user_rating": "0", "permanence": "P", "rgb": [230, 144, 115], "color_name": "fuchsia", "image_url": "http://www.temptalia.com/wp-content/uploads/2015/01/maybelline_715hibiscuspop004-400x355.jpg", "price": "$7.49", "price_per_ounce": 53.49999999999999}, {"full_text": "Limited Edition. $37.00/0.12 oz.", "brand": "Guerlain", "name": "Rosy Silk", "url": "http://www.temptalia.com/product/guerlain-kisskiss-lipstick/rosy-silk", "review": "B-", "user_rating": "4", "permanence": "LE", "rgb": [196, 93, 94], "color_name": "pink", "image_url": "http://www.temptalia.com/wp-content/uploads/2015/01/guerlain_rosysilk004-400x355.jpg", "price": "$37.00", "price_per_ounce": 308.33333333333337}, {"full_text": "Limited Edition. $17.00/0.10 oz.", "brand": "MAC", "name": "Viva Glam Miley Cyrus", "url": "http://www.temptalia.com/product/mac-cosmetics-lipstick/viva-glam-miley-cyrus", "review": "A", "user_rating": "4", "permanence": "LE", "rgb": [235, 88, 33], "color_name": "fuchsia", "image_url": "http://www.temptalia.com/wp-content/uploads/2015/01/mac_vivaglammileylipstick004-400x355.jpg", "price": "$17.00", "price_per_ounce": 170.0}, {"full_text": "Permanent. $7.49/0.14 oz.", "brand": "Maybelline", "name": "Coral Burst (740)", "url": "http://www.temptalia.com/product/maybelline-color-sensational-rebel-bloom-lipstick/coral-burst-740", "review": "A-", "user_rating": "4", "permanence": "P", "rgb": [229, 79, 63], "color_name": "pink", "image_url": "http://www.temptalia.com/wp-content/uploads/2015/01/maybelline_740coralburst004-400x355.jpg", "price": "$7.49", "price_per_ounce": 53.49999999999999}, {"full_text": "Permanent. $7.49/0.14 oz.", "brand": "Maybelline", "name": "Peach Poppy (745)", "url": "http://www.temptalia.com/product/maybelline-color-sensational-rebel-bloom-lipstick/peach-poppy-745", "review": "B", "user_rating": "0", "permanence": "P", "rgb": [225, 115, 116], "color_name": "pink", "image_url": "http://www.temptalia.com/wp-content/uploads/2015/01/maybelline_745peachpoppy004-400x355.jpg", "price": "$7.49", "price_per_ounce": 53.49999999999999}, {"full_text": "Permanent. $7.49/0.14 oz.", "brand": "Maybelline", "name": "Rose Rush (735)", "url": "http://www.temptalia.com/product/maybelline-color-sensational-rebel-bloom-lipstick/rose-rush-735", "review": "A-", "user_rating": "0", "permanence": "P", "rgb": [212, 32, 36], "color_name": "pink", "image_url": "http://www.temptalia.com/wp-content/uploads/2015/01/maybelline_735roserush004-400x355.jpg", "price": "$7.49", "price_per_ounce": 53.49999999999999}, {"full_text": "Permanent. $7.49/0.14 oz.", "brand": "Maybelline", "name": "Barely Bloomed (700)", "url": "http://www.temptalia.com/product/maybelline-color-sensational-rebel-bloom-lipstick/barely-bloomed-700", "review": "B", "user_rating": "0", "permanence": "P", "rgb": [220, 119, 132], "color_name": "pink", "image_url": "http://www.temptalia.com/wp-content/uploads/2015/01/maybelline_700barelybloomed004-400x355.jpg", "price": "$7.49", "price_per_ounce": 53.49999999999999}, {"full_text": "Permanent. $7.49/0.14 oz.", "brand": "Maybelline", "name": "Blushing Bud (705)", "url": "http://www.temptalia.com/product/maybelline-color-sensational-rebel-bloom-lipstick/blushing-bud-705", "review": "B+", "user_rating": "0", "permanence": "P", "rgb": [222, 114, 101], "color_name": "pink", "image_url": "http://www.temptalia.com/wp-content/uploads/2015/01/maybelline_705blushingbud004-400x355.jpg", "price": "$7.49", "price_per_ounce": 53.49999999999999}, {"full_text": "Permanent. $7.49/0.14 oz.", "brand": "Maybelline", "name": "Petal Pink (710)", "url": "http://www.temptalia.com/product/maybelline-color-sensational-rebel-bloom-lipstick/petal-pink-710", "review": "B", "user_rating": "0", "permanence": "P", "rgb": [235, 166, 132], "color_name": "fuchsia", "image_url": "http://www.temptalia.com/wp-content/uploads/2015/01/maybelline_710petalpink004-400x355.jpg", "price": "$7.49", "price_per_ounce": 53.49999999999999}, {"full_text": "Permanent. $22.00/0.09 oz.", "brand": "Urban Decay", "name": "Sheer Slowburn", "url": "http://www.temptalia.com/product/urban-decay-sheer-revolution-lipstick/sheer-slowburn", "review": "A-", "user_rating": "0", "permanence": "P", "rgb": [209, 39, 41], "color_name": "pink", "image_url": "http://www.temptalia.com/wp-content/uploads/2015/01/urbandecay_sheerslowburn004-400x355.jpg", "price": "$22.00", "price_per_ounce": 244.44444444444446}, {"full_text": "Permanent. $22.00/0.09 oz.", "brand": "Urban Decay", "name": "Sheer F-Bomb", "url": "http://www.temptalia.com/product/urban-decay-sheer-revolution-lipstick/sheer-f-bomb", "review": "A-", "user_rating": "0", "permanence": "P", "rgb": [205, 51, 35], "color_name": "pink", "image_url": "http://www.temptalia.com/wp-content/uploads/2015/01/urbandecay_sheerfbomb004-400x355.jpg", "price": "$22.00", "price_per_ounce": 244.44444444444446}, {"full_text": "Permanent. $22.00/0.09 oz.", "brand": "Urban Decay", "name": "Sheer Shame", "url": "http://www.temptalia.com/product/urban-decay-sheer-revolution-lipstick/sheer-shame", "review": "B-", "user_rating": "3", "permanence": "P", "rgb": [190, 62, 39], "color_name": "pink", "image_url": "http://www.temptalia.com/wp-content/uploads/2015/01/urbandecay_sheershame004-400x355.jpg", "price": "$22.00", "price_per_ounce": 244.44444444444446}, {"full_text": "Permanent. $22.00/0.09 oz.", "brand": "Urban Decay", "name": "Sheer Obsessed", "url": "http://www.temptalia.com/product/urban-decay-sheer-revolution-lipstick/sheer-obsessed", "review": "B", "user_rating": "0", "permanence": "P", "rgb": [199, 99, 86], "color_name": "pink", "image_url": "http://www.temptalia.com/wp-content/uploads/2015/01/urbandecay_sheerobsessed004-400x355.jpg", "price": "$22.00", "price_per_ounce": 244.44444444444446}, {"full_text": "Permanent. $22.00/0.09 oz.", "brand": "Urban Decay", "name": "Sheer Liar", "url": "http://www.temptalia.com/product/urban-decay-sheer-revolution-lipstick/sheer-liar", "review": "A-", "user_rating": "3", "permanence": "P", "rgb": [200, 82, 83], "color_name": "pink", "image_url": "http://www.temptalia.com/wp-content/uploads/2015/01/urbandecay_sheerliar004-400x355.jpg", "price": "$22.00", "price_per_ounce": 244.44444444444446}, {"full_text": "Permanent. $22.00/0.09 oz.", "brand": "Urban Decay", "name": "Sheer Streak", "url": "http://www.temptalia.com/product/urban-decay-sheer-revolution-lipstick/sheer-streak", "review": "A-", "user_rating": "0", "permanence": "P", "rgb": [213, 84, 74], "color_name": "pink", "image_url": "http://www.temptalia.com/wp-content/uploads/2015/01/urbandecay_sheerstreak004-400x355.jpg", "price": "$22.00", "price_per_ounce": 244.44444444444446}, {"full_text": "Permanent. $22.00/0.09 oz.", "brand": "Urban Decay", "name": "Sheer Walk of Shame", "url": "http://www.temptalia.com/product/urban-decay-sheer-revolution-lipstick/sheer-walk-of-shame", "review": "B-", "user_rating": "0", "permanence": "P", "rgb": [196, 101, 107], "color_name": "nude", "image_url": "http://www.temptalia.com/wp-content/uploads/2015/01/urbandecay_sheerwalkofshame004-400x355.jpg", "price": "$22.00", "price_per_ounce": 244.44444444444446}, {"full_text": "Permanent. $22.00/0.09 oz.", "brand": "Urban Decay", "name": "Sheer Rapture", "url": "http://www.temptalia.com/product/urban-decay-sheer-revolution-lipstick/sheer-rapture", "review": "A-", "user_rating": "4", "permanence": "P", "rgb": [201, 87, 80], "color_name": "pink", "image_url": "http://www.temptalia.com/wp-content/uploads/2015/01/urbandecay_sheerrapture004-400x355.jpg", "price": "$22.00", "price_per_ounce": 244.44444444444446}, {"full_text": "Permanent. $22.00/0.09 oz.", "brand": "Urban Decay", "name": "Sheer Ladyflower", "url": "http://www.temptalia.com/product/urban-decay-sheer-revolution-lipstick/sheer-ladyflower", "review": "B+", "user_rating": "2", "permanence": "P", "rgb": [193, 79, 56], "color_name": "pink", "image_url": "http://www.temptalia.com/wp-content/uploads/2015/01/urbandecay_sheerladyflower004-400x355.jpg", "price": "$22.00", "price_per_ounce": 244.44444444444446}, {"full_text": "Permanent. $22.00/0.09 oz.", "brand": "Urban Decay", "name": "Sheer Anarchy", "url": "http://www.temptalia.com/product/urban-decay-sheer-revolution-lipstick/sheer-anarchy", "review": "A-", "user_rating": "4", "permanence": "P", "rgb": [203, 87, 45], "color_name": "fuchsia", "image_url": "http://www.temptalia.com/wp-content/uploads/2015/01/urbandecay_sheeranarchy004-400x355.jpg", "price": "$22.00", "price_per_ounce": 244.44444444444446}, {"full_text": "Permanent. ", "brand": "LORAC", "name": "Girl Next Door", "url": "http://www.temptalia.com/product/lorac-alter-ego-lipstick/girl-next-door", "review": "B", "user_rating": "5", "permanence": "P", "rgb": [240, 129, 120], "color_name": "pink", "image_url": "http://www.temptalia.com/wp-content/uploads/2014/12/lorac_unzippedcheek024-400x355.jpg", "price": "$0.00", "price_per_ounce": "NA"}, {"full_text": "Permanent. $5.00/0.04 oz.", "brand": "Colour Pop", "name": "Wet", "url": "http://www.temptalia.com/product/colour-pop-lippie-stix/wet", "review": "C", "user_rating": "4", "permanence": "P", "rgb": [138, 55, 64], "color_name": "nude", "image_url": "http://www.temptalia.com/wp-content/uploads/2014/12/colourpop_wetstix004-400x355.jpg", "price": "$5.00", "price_per_ounce": 125.0}, {"full_text": "Limited Edition. $36.00/0.12 oz.", "brand": "Chanel", "name": "La Petillante (49)", "url": "http://www.temptalia.com/product/chanel-rouge-allure-velvet/la-petillante-49", "review": "A", "user_rating": "5", "permanence": "LE", "rgb": [217, 47, 24], "color_name": "pink", "image_url": "http://www.temptalia.com/wp-content/uploads/2014/12/chanel_49lapetillante004-400x355.jpg", "price": "$36.00", "price_per_ounce": 300.0}, {"full_text": "Permanent. $36.00/0.12 oz.", "brand": "Chanel", "name": "La Romanesque (50)", "url": "http://www.temptalia.com/product/chanel-rouge-allure-velvet/la-romanesque-50", "review": "A", "user_rating": "4", "permanence": "P", "rgb": [209, 79, 27], "color_name": "fuchsia", "image_url": "http://www.temptalia.com/wp-content/uploads/2014/12/chanel_50laromanesque004-400x355.jpg", "price": "$36.00", "price_per_ounce": 300.0}, {"full_text": "Limited Edition. $36.00/0.12 oz.", "brand": "Chanel", "name": "Badine (154)", "url": "http://www.temptalia.com/product/chanel-rouge-allure-luminous-intense-lip-colour/badine-154", "review": "B-", "user_rating": "3", "permanence": "LE", "rgb": [220, 109, 105], "color_name": "pink", "image_url": "http://www.temptalia.com/wp-content/uploads/2014/12/chanel_154badine004-400x355.jpg", "price": "$36.00", "price_per_ounce": 300.0}, {"full_text": "Permanent. $36.00/0.12 oz.", "brand": "Chanel", "name": "Insaisissable (152)", "url": "http://www.temptalia.com/product/chanel-rouge-allure-luminous-intense-lip-colour/insaisissable-152", "review": "B", "user_rating": "0", "permanence": "P", "rgb": [229, 57, 56], "color_name": "pink", "image_url": "http://www.temptalia.com/wp-content/uploads/2014/12/chanel_152insaississable004-400x355.jpg", "price": "$36.00", "price_per_ounce": 300.0}, {"full_text": "Permanent. $35.00/0.10 oz.", "brand": "Chanel", "name": "Desinvolte (97)", "url": "http://www.temptalia.com/product/chanel-rouge-coco-shine-hydrating-sheer-lipshine/desinvolte-97", "review": "A-", "user_rating": "0", "permanence": "P", "rgb": [204, 71, 71], "color_name": "pink", "image_url": "http://www.temptalia.com/wp-content/uploads/2014/12/chanel_97desinvolte004-400x355.jpg", "price": "$35.00", "price_per_ounce": 350.0}, {"full_text": "Permanent. $35.00/0.10 oz.", "brand": "Chanel", "name": "Etourdie (98)", "url": "http://www.temptalia.com/product/chanel-rouge-coco-shine-hydrating-sheer-lipshine/etourdie-98", "review": "A-", "user_rating": "0", "permanence": "P", "rgb": [207, 88, 84], "color_name": "pink", "image_url": "http://www.temptalia.com/wp-content/uploads/2014/12/chanel_98etourdie004-400x355.jpg", "price": "$35.00", "price_per_ounce": 350.0}, {"full_text": "Limited Edition. $18.00/0.11 oz.", "brand": "Sephora + Pantone Universe", "name": "Pure Marsala", "url": "http://www.temptalia.com/product/sephora-pantone-universe-matte-lip-creme/pure-marsala", "review": "A-", "user_rating": "0", "permanence": "LE", "rgb": [166, 46, 47], "color_name": "pink", "image_url": "http://www.temptalia.com/wp-content/uploads/2014/12/sephora_puremarsala004-400x355.jpg", "price": "$18.00", "price_per_ounce": 163.63636363636363}, {"full_text": "Limited Edition. $22.00/0.14 oz.", "brand": "MAC", "name": "Touch the Earth", "url": "http://www.temptalia.com/product/mac-cosmetics-mineralize-rich-lipstick/touch-the-earth", "review": "B+", "user_rating": "0", "permanence": "LE", "rgb": [188, 88, 112], "color_name": "nude", "image_url": "http://www.temptalia.com/wp-content/uploads/2014/12/mac_touchtheearth004-400x355.jpg", "price": "$22.00", "price_per_ounce": 157.14285714285714}, {"full_text": "Permanent. $30.00/0.12 oz.", "brand": "Marc Jacobs Beauty", "name": "Roleplay (110)", "url": "http://www.temptalia.com/product/marc-jacobs-beauty-lovemarc-lip-gel/roleplay-110", "review": "-", "user_rating": "5", "permanence": "P", "rgb": [194, 75, 80], "color_name": "pink", "image_url": "http://www.temptalia.com/wp-content/uploads/2014/12/marcjacobsbeauty_110roleplay004-400x355.jpg", "price": "$30.00", "price_per_ounce": 250.0}, {"full_text": "Limited Edition. $32.00/0.07 oz.", "brand": "Tom Ford Beauty", "name": "Orlando", "url": "http://www.temptalia.com/product/tom-ford-beauty-lips-boys-lip-color/orlando", "review": "B", "user_rating": "0", "permanence": "LE", "rgb": [193, 99, 110], "color_name": "nude", "image_url": "http://www.temptalia.com/wp-content/uploads/2014/12/tomford_orlando004-400x355.jpg", "price": "$32.00", "price_per_ounce": 457.1428571428571}, {"full_text": "Limited Edition. $32.00/0.07 oz.", "brand": "Tom Ford Beauty", "name": "Peter", "url": "http://www.temptalia.com/product/tom-ford-beauty-lips-boys-lip-color/peter", "review": "B-", "user_rating": "5", "permanence": "LE", "rgb": [188, 88, 95], "color_name": "nude", "image_url": "http://www.temptalia.com/wp-content/uploads/2014/12/tomford_peter004-400x355.jpg", "price": "$32.00", "price_per_ounce": 457.1428571428571}, {"full_text": "Limited Edition. $32.00/0.07 oz.", "brand": "Tom Ford Beauty", "name": "Alasdhair", "url": "http://www.temptalia.com/product/tom-ford-beauty-lips-boys-lip-color/alasdhair", "review": "B", "user_rating": "5", "permanence": "LE", "rgb": [124, 35, 18], "color_name": "red", "image_url": "http://www.temptalia.com/wp-content/uploads/2014/12/tomford_alasdhair004-400x355.jpg", "price": "$32.00", "price_per_ounce": 457.1428571428571}, {"full_text": "Limited Edition. $32.00/0.07 oz.", "brand": "Tom Ford Beauty", "name": "Kyril", "url": "http://www.temptalia.com/product/tom-ford-beauty-lips-boys-lip-color/kyril", "review": "D", "user_rating": "0", "permanence": "LE", "rgb": [191, 121, 121], "color_name": "nude", "image_url": "http://www.temptalia.com/wp-content/uploads/2014/12/tomford_kyril004-400x355.jpg", "price": "$32.00", "price_per_ounce": 457.1428571428571}, {"full_text": "Limited Edition. $32.00/0.07 oz.", "brand": "Tom Ford Beauty", "name": "William", "url": "http://www.temptalia.com/product/tom-ford-beauty-lips-boys-lip-color/william", "review": "C+", "user_rating": "0", "permanence": "LE", "rgb": [187, 67, 81], "color_name": "pink", "image_url": "http://www.temptalia.com/wp-content/uploads/2014/12/tomford_william004-400x355.jpg", "price": "$32.00", "price_per_ounce": 457.1428571428571}, {"full_text": "Limited Edition. $32.00/0.07 oz.", "brand": "Tom Ford Beauty", "name": "Sebastian", "url": "http://www.temptalia.com/product/tom-ford-beauty-lips-boys-lip-color/sebastian", "review": "A-", "user_rating": "0", "permanence": "LE", "rgb": [172, 24, 52], "color_name": "orange", "image_url": "http://www.temptalia.com/wp-content/uploads/2014/12/tomford_sebastian004-400x355.jpg", "price": "$32.00", "price_per_ounce": 457.1428571428571}, {"full_text": "Limited Edition. $32.00/0.07 oz.", "brand": "Tom Ford Beauty", "name": "Omar", "url": "http://www.temptalia.com/product/tom-ford-beauty-lips-boys-lip-color/omar", "review": "B+", "user_rating": "0", "permanence": "LE", "rgb": [162, 31, 44], "color_name": "red", "image_url": "http://www.temptalia.com/wp-content/uploads/2014/12/tomford_omar004-400x355.jpg", "price": "$32.00", "price_per_ounce": 457.1428571428571}, {"full_text": "Limited Edition. $32.00/0.07 oz.", "brand": "Tom Ford Beauty", "name": "Blake", "url": "http://www.temptalia.com/product/tom-ford-beauty-lips-boys-lip-color/blake", "review": "B-", "user_rating": "0", "permanence": "LE", "rgb": [147, 46, 44], "color_name": "red", "image_url": "http://www.temptalia.com/wp-content/uploads/2014/12/tomford_blake004-400x355.jpg", "price": "$32.00", "price_per_ounce": 457.1428571428571}, {"full_text": "Limited Edition. $32.00/0.07 oz.", "brand": "Tom Ford Beauty", "name": "Collin", "url": "http://www.temptalia.com/product/tom-ford-beauty-lips-boys-lip-color/collin", "review": "A-", "user_rating": "5", "permanence": "LE", "rgb": [179, 68, 58], "color_name": "pink", "image_url": "http://www.temptalia.com/wp-content/uploads/2014/12/tomford_collin004-400x355.jpg", "price": "$32.00", "price_per_ounce": 457.1428571428571}, {"full_text": "Limited Edition. $32.00/0.07 oz.", "brand": "Tom Ford Beauty", "name": "Cary", "url": "http://www.temptalia.com/product/tom-ford-beauty-lips-boys-lip-color/cary", "review": "A", "user_rating": "0", "permanence": "LE", "rgb": [186, 70, 60], "color_name": "pink", "image_url": "http://www.temptalia.com/wp-content/uploads/2014/12/tomford_cary004-400x355.jpg", "price": "$32.00", "price_per_ounce": 457.1428571428571}, {"full_text": "Limited Edition. $32.00/0.07 oz.", "brand": "Tom Ford Beauty", "name": "Didier", "url": "http://www.temptalia.com/product/tom-ford-beauty-lips-boys-lip-color/didier", "review": "B+", "user_rating": "0", "permanence": "LE", "rgb": [152, 45, 22], "color_name": "red", "image_url": "http://www.temptalia.com/wp-content/uploads/2014/12/tomford_didier004-400x355.jpg", "price": "$32.00", "price_per_ounce": 457.1428571428571}, {"full_text": "Limited Edition. $32.00/0.07 oz.", "brand": "Tom Ford Beauty", "name": "Guillermo", "url": "http://www.temptalia.com/product/tom-ford-beauty-lips-boys-lip-color/guillermo", "review": "A-", "user_rating": "0", "permanence": "LE", "rgb": [144, 45, 39], "color_name": "red", "image_url": "http://www.temptalia.com/wp-content/uploads/2014/12/tomford_guillermo004-400x355.jpg", "price": "$32.00", "price_per_ounce": 457.1428571428571}, {"full_text": "Limited Edition. $32.00/0.07 oz.", "brand": "Tom Ford Beauty", "name": "Wes", "url": "http://www.temptalia.com/product/tom-ford-beauty-lips-boys-lip-color/wes", "review": "C+", "user_rating": "0", "permanence": "LE", "rgb": [108, 27, 13], "color_name": "red", "image_url": "http://www.temptalia.com/wp-content/uploads/2014/12/tomford_wes004-400x355.jpg", "price": "$32.00", "price_per_ounce": 457.1428571428571}, {"full_text": "Limited Edition. $32.00/0.07 oz.", "brand": "Tom Ford Beauty", "name": "Holden", "url": "http://www.temptalia.com/product/tom-ford-beauty-lips-boys-lip-color/holden", "review": "C-", "user_rating": "5", "permanence": "LE", "rgb": [201, 114, 120], "color_name": "nude", "image_url": "http://www.temptalia.com/wp-content/uploads/2014/12/tomford_holden004-400x355.jpg", "price": "$32.00", "price_per_ounce": 457.1428571428571}, {"full_text": "Limited Edition. $32.00/0.07 oz.", "brand": "Tom Ford Beauty", "name": "Beau", "url": "http://www.temptalia.com/product/tom-ford-beauty-lips-boys-lip-color/beau", "review": "A-", "user_rating": "0", "permanence": "LE", "rgb": [208, 112, 121], "color_name": "pink", "image_url": "http://www.temptalia.com/wp-content/uploads/2014/12/tomford_beau004-400x355.jpg", "price": "$32.00", "price_per_ounce": 457.1428571428571}, {"full_text": "Limited Edition. $32.00/0.07 oz.", "brand": "Tom Ford Beauty", "name": "Henry", "url": "http://www.temptalia.com/product/tom-ford-beauty-lips-boys-lip-color/henry", "review": "A", "user_rating": "4", "permanence": "LE", "rgb": [180, 45, 68], "color_name": "orange", "image_url": "http://www.temptalia.com/wp-content/uploads/2014/12/tomford_henry004-400x355.jpg", "price": "$32.00", "price_per_ounce": 457.1428571428571}, {"full_text": "Limited Edition. $32.00/0.07 oz.", "brand": "Tom Ford Beauty", "name": "Gustavo", "url": "http://www.temptalia.com/product/tom-ford-beauty-lips-boys-lip-color/gustavo", "review": "A-", "user_rating": "0", "permanence": "LE", "rgb": [132, 35, 52], "color_name": "orange", "image_url": "http://www.temptalia.com/wp-content/uploads/2014/12/tomford_gustavo004-400x355.jpg", "price": "$32.00", "price_per_ounce": 457.1428571428571}, {"full_text": "Limited Edition. $32.00/0.07 oz.", "brand": "Tom Ford Beauty", "name": "Pavlos", "url": "http://www.temptalia.com/product/tom-ford-beauty-lips-boys-lip-color/pavlos", "review": "C-", "user_rating": "0", "permanence": "LE", "rgb": [103, 20, 22], "color_name": "red", "image_url": "http://www.temptalia.com/wp-content/uploads/2014/12/tomford_pavlos004-400x355.jpg", "price": "$32.00", "price_per_ounce": 457.1428571428571}, {"full_text": "Limited Edition. $32.00/0.07 oz.", "brand": "Tom Ford Beauty", "name": "Casey", "url": "http://www.temptalia.com/product/tom-ford-beauty-lips-boys-lip-color/casey", "review": "D-", "user_rating": "0", "permanence": "LE", "rgb": [189, 110, 107], "color_name": "nude", "image_url": "http://www.temptalia.com/wp-content/uploads/2014/12/tomford_casey004-400x355.jpg", "price": "$32.00", "price_per_ounce": 457.1428571428571}, {"full_text": "Limited Edition. $32.00/0.07 oz.", "brand": "Tom Ford Beauty", "name": "Leonardo", "url": "http://www.temptalia.com/product/tom-ford-beauty-lips-boys-lip-color/leonardo", "review": "B", "user_rating": "0", "permanence": "LE", "rgb": [149, 26, 12], "color_name": "red", "image_url": "http://www.temptalia.com/wp-content/uploads/2014/12/tomford_leonardo004-400x355.jpg", "price": "$32.00", "price_per_ounce": 457.1428571428571}, {"full_text": "Limited Edition. $32.00/0.07 oz.", "brand": "Tom Ford Beauty", "name": "Luca", "url": "http://www.temptalia.com/product/tom-ford-beauty-lips-boys-lip-color/luca", "review": "B", "user_rating": "0", "permanence": "LE", "rgb": [192, 73, 84], "color_name": "pink", "image_url": "http://www.temptalia.com/wp-content/uploads/2014/12/tomford_luca004-400x355.jpg", "price": "$32.00", "price_per_ounce": 457.1428571428571}, {"full_text": "Limited Edition. $32.00/0.07 oz.", "brand": "Tom Ford Beauty", "name": "Matthew", "url": "http://www.temptalia.com/product/tom-ford-beauty-lips-boys-lip-color/matthew", "review": "A", "user_rating": "0", "permanence": "LE", "rgb": [238, 76, 69], "color_name": "pink", "image_url": "http://www.temptalia.com/wp-content/uploads/2014/12/tomford_matthew004-400x355.jpg", "price": "$32.00", "price_per_ounce": 457.1428571428571}, {"full_text": "Limited Edition. $32.00/0.07 oz.", "brand": "Tom Ford Beauty", "name": "Adriano", "url": "http://www.temptalia.com/product/tom-ford-beauty-lips-boys-lip-color/adriano", "review": "A+", "user_rating": "0", "permanence": "LE", "rgb": [219, 43, 41], "color_name": "pink", "image_url": "http://www.temptalia.com/wp-content/uploads/2014/12/tomford_adriano004-400x355.jpg", "price": "$32.00", "price_per_ounce": 457.1428571428571}, {"full_text": "Limited Edition. $32.00/0.07 oz.", "brand": "Tom Ford Beauty", "name": "Tomas", "url": "http://www.temptalia.com/product/tom-ford-beauty-lips-boys-lip-color/tomas", "review": "B+", "user_rating": "0", "permanence": "LE", "rgb": [195, 37, 38], "color_name": "pink", "image_url": "http://www.temptalia.com/wp-content/uploads/2014/12/tomford_tomas004-400x355.jpg", "price": "$32.00", "price_per_ounce": 457.1428571428571}, {"full_text": "Limited Edition. $32.00/0.07 oz.", "brand": "Tom Ford Beauty", "name": "Rafael", "url": "http://www.temptalia.com/product/tom-ford-beauty-lips-boys-lip-color/rafael", "review": "A", "user_rating": "0", "permanence": "LE", "rgb": [216, 26, 36], "color_name": "pink", "image_url": "http://www.temptalia.com/wp-content/uploads/2014/12/tomford_rafael004-400x355.jpg", "price": "$32.00", "price_per_ounce": 457.1428571428571}, {"full_text": "Limited Edition. $32.00/0.07 oz.", "brand": "Tom Ford Beauty", "name": "Pablo", "url": "http://www.temptalia.com/product/tom-ford-beauty-lips-boys-lip-color/pablo", "review": "A-", "user_rating": "0", "permanence": "LE", "rgb": [216, 116, 42], "color_name": "fuchsia", "image_url": "http://www.temptalia.com/wp-content/uploads/2014/12/tomford_pablo004-400x355.jpg", "price": "$32.00", "price_per_ounce": 457.1428571428571}, {"full_text": "Limited Edition. $32.00/0.07 oz.", "brand": "Tom Ford Beauty", "name": "Xavier", "url": "http://www.temptalia.com/product/tom-ford-beauty-lips-boys-lip-color/xavier", "review": "A-", "user_rating": "0", "permanence": "LE", "rgb": [176, 60, 6], "color_name": "fuchsia", "image_url": "http://www.temptalia.com/wp-content/uploads/2014/12/tomford_xavier004-400x355.jpg", "price": "$32.00", "price_per_ounce": 457.1428571428571}, {"full_text": "Limited Edition. $32.00/0.07 oz.", "brand": "Tom Ford Beauty", "name": "Liam", "url": "http://www.temptalia.com/product/tom-ford-beauty-lips-boys-lip-color/liam", "review": "B+", "user_rating": "4", "permanence": "LE", "rgb": [126, 63, 29], "color_name": "fuchsia", "image_url": "http://www.temptalia.com/wp-content/uploads/2014/12/tomford_liam004-400x355.jpg", "price": "$32.00", "price_per_ounce": 457.1428571428571}, {"full_text": "Limited Edition. $32.00/0.07 oz.", "brand": "Tom Ford Beauty", "name": "Rory", "url": "http://www.temptalia.com/product/tom-ford-beauty-lips-boys-lip-color/rory", "review": "D", "user_rating": "0", "permanence": "LE", "rgb": [203, 107, 126], "color_name": "nude", "image_url": "http://www.temptalia.com/wp-content/uploads/2014/12/tomford_rory004-400x355.jpg", "price": "$32.00", "price_per_ounce": 457.1428571428571}, {"full_text": "Limited Edition. $32.00/0.07 oz.", "brand": "Tom Ford Beauty", "name": "Diego", "url": "http://www.temptalia.com/product/tom-ford-beauty-lips-boys-lip-color/diego", "review": "A-", "user_rating": "0", "permanence": "LE", "rgb": [220, 33, 38], "color_name": "pink", "image_url": "http://www.temptalia.com/wp-content/uploads/2014/12/tomford_diego004-400x355.jpg", "price": "$32.00", "price_per_ounce": 457.1428571428571}, {"full_text": "Limited Edition. $32.00/0.07 oz.", "brand": "Tom Ford Beauty", "name": "Alejandro", "url": "http://www.temptalia.com/product/tom-ford-beauty-lips-boys-lip-color/alejandro", "review": "A-", "user_rating": "0", "permanence": "LE", "rgb": [177, 30, 14], "color_name": "red", "image_url": "http://www.temptalia.com/wp-content/uploads/2014/12/tomford_alejandro004-400x355.jpg", "price": "$32.00", "price_per_ounce": 457.1428571428571}, {"full_text": "Limited Edition. $32.00/0.07 oz.", "brand": "Tom Ford Beauty", "name": "Luciano", "url": "http://www.temptalia.com/product/tom-ford-beauty-lips-boys-lip-color/luciano", "review": "A-", "user_rating": "0", "permanence": "LE", "rgb": [193, 30, 11], "color_name": "red", "image_url": "http://www.temptalia.com/wp-content/uploads/2014/12/tomford_luciano004-400x355.jpg", "price": "$32.00", "price_per_ounce": 457.1428571428571}, {"full_text": "Limited Edition. $32.00/0.07 oz.", "brand": "Tom Ford Beauty", "name": "Preston", "url": "http://www.temptalia.com/product/tom-ford-beauty-lips-boys-lip-color/preston", "review": "B", "user_rating": "0", "permanence": "LE", "rgb": [222, 144, 80], "color_name": "fuchsia", "image_url": "http://www.temptalia.com/wp-content/uploads/2014/12/tomford_preston004-400x355.jpg", "price": "$32.00", "price_per_ounce": 457.1428571428571}, {"full_text": "Limited Edition. $32.00/0.07 oz.", "brand": "Tom Ford Beauty", "name": "Justin", "url": "http://www.temptalia.com/product/tom-ford-beauty-lips-boys-lip-color/justin", "review": "B+", "user_rating": "0", "permanence": "LE", "rgb": [214, 106, 40], "color_name": "fuchsia", "image_url": "http://www.temptalia.com/wp-content/uploads/2014/12/tomford_justin004-400x355.jpg", "price": "$32.00", "price_per_ounce": 457.1428571428571}, {"full_text": "Limited Edition. $32.00/0.07 oz.", "brand": "Tom Ford Beauty", "name": "Cooper", "url": "http://www.temptalia.com/product/tom-ford-beauty-lips-boys-lip-color/cooper", "review": "A", "user_rating": "0", "permanence": "LE", "rgb": [193, 64, 14], "color_name": "fuchsia", "image_url": "http://www.temptalia.com/wp-content/uploads/2014/12/tomford_cooper004-400x355.jpg", "price": "$32.00", "price_per_ounce": 457.1428571428571}, {"full_text": "Limited Edition. $32.00/0.07 oz.", "brand": "Tom Ford Beauty", "name": "Jack", "url": "http://www.temptalia.com/product/tom-ford-beauty-lips-boys-lip-color/jack", "review": "B+", "user_rating": "0", "permanence": "LE", "rgb": [198, 103, 46], "color_name": "fuchsia", "image_url": "http://www.temptalia.com/wp-content/uploads/2014/12/tomford_jack004-400x355.jpg", "price": "$32.00", "price_per_ounce": 457.1428571428571}, {"full_text": "Limited Edition. $32.00/0.07 oz.", "brand": "Tom Ford Beauty", "name": "Francesco", "url": "http://www.temptalia.com/product/tom-ford-beauty-lips-boys-lip-color/francesco", "review": "A", "user_rating": "0", "permanence": "LE", "rgb": [207, 75, 22], "color_name": "fuchsia", "image_url": "http://www.temptalia.com/wp-content/uploads/2014/12/tomford_francesco004-400x355.jpg", "price": "$32.00", "price_per_ounce": 457.1428571428571}, {"full_text": "Limited Edition. $32.00/0.07 oz.", "brand": "Tom Ford Beauty", "name": "Richard", "url": "http://www.temptalia.com/product/tom-ford-beauty-lips-boys-lip-color/richard", "review": "A", "user_rating": "5", "permanence": "LE", "rgb": [188, 65, 63], "color_name": "pink", "image_url": "http://www.temptalia.com/wp-content/uploads/2014/12/tomford_richard004-400x355.jpg", "price": "$32.00", "price_per_ounce": 457.1428571428571}, {"full_text": "Limited Edition. $32.00/0.07 oz.", "brand": "Tom Ford Beauty", "name": "Ian", "url": "http://www.temptalia.com/product/tom-ford-beauty-lips-boys-lip-color/ian", "review": "C", "user_rating": "0", "permanence": "LE", "rgb": [192, 99, 100], "color_name": "nude", "image_url": "http://www.temptalia.com/wp-content/uploads/2014/12/tomford_ian004-400x355.jpg", "price": "$32.00", "price_per_ounce": 457.1428571428571}, {"full_text": "Limited Edition. $32.00/0.07 oz.", "brand": "Tom Ford Beauty", "name": "Flynn", "url": "http://www.temptalia.com/product/tom-ford-beauty-lips-boys-lip-color/flynn", "review": "B+", "user_rating": "0", "permanence": "LE", "rgb": [208, 113, 109], "color_name": "pink", "image_url": "http://www.temptalia.com/wp-content/uploads/2014/12/tomford_flynn004-400x355.jpg", "price": "$32.00", "price_per_ounce": 457.1428571428571}, {"full_text": "Limited Edition. $32.00/0.07 oz.", "brand": "Tom Ford Beauty", "name": "Patrick", "url": "http://www.temptalia.com/product/tom-ford-beauty-lips-boys-lip-color/patrick", "review": "A", "user_rating": "0", "permanence": "LE", "rgb": [231, 101, 85], "color_name": "pink", "image_url": "http://www.temptalia.com/wp-content/uploads/2014/12/tomford_patrick004-400x355.jpg", "price": "$32.00", "price_per_ounce": 457.1428571428571}, {"full_text": "Limited Edition. $32.00/0.07 oz.", "brand": "Tom Ford Beauty", "name": "Michael", "url": "http://www.temptalia.com/product/tom-ford-beauty-lips-boys-lip-color/michael", "review": "A", "user_rating": "0", "permanence": "LE", "rgb": [241, 90, 55], "color_name": "pink", "image_url": "http://www.temptalia.com/wp-content/uploads/2014/12/tomford_michael004-400x355.jpg", "price": "$32.00", "price_per_ounce": 457.1428571428571}, {"full_text": "Limited Edition. $32.00/0.07 oz.", "brand": "Tom Ford Beauty", "name": "John", "url": "http://www.temptalia.com/product/tom-ford-beauty-lips-boys-lip-color/john", "review": "A", "user_rating": "0", "permanence": "LE", "rgb": [210, 74, 36], "color_name": "pink", "image_url": "http://www.temptalia.com/wp-content/uploads/2014/12/tomford_john004-400x355.jpg", "price": "$32.00", "price_per_ounce": 457.1428571428571}, {"full_text": "Limited Edition. $32.00/0.07 oz.", "brand": "Tom Ford Beauty", "name": "Giacomo", "url": "http://www.temptalia.com/product/tom-ford-beauty-lips-boys-lip-color/giacomo", "review": "A+", "user_rating": "0", "permanence": "LE", "rgb": [198, 62, 36], "color_name": "pink", "image_url": "http://www.temptalia.com/wp-content/uploads/2014/12/tomford_giacomo004-400x355.jpg", "price": "$32.00", "price_per_ounce": 457.1428571428571}, {"full_text": "Limited Edition. $32.00/0.07 oz.", "brand": "Tom Ford Beauty", "name": "Alexander", "url": "http://www.temptalia.com/product/tom-ford-beauty-lips-boys-lip-color/alexander", "review": "B+", "user_rating": "0", "permanence": "LE", "rgb": [214, 134, 99], "color_name": "fuchsia", "image_url": "http://www.temptalia.com/wp-content/uploads/2014/12/tomford_alexander004-400x355.jpg", "price": "$32.00", "price_per_ounce": 457.1428571428571}, {"full_text": "Limited Edition. $32.00/0.07 oz.", "brand": "Tom Ford Beauty", "name": "Addison", "url": "http://www.temptalia.com/product/tom-ford-beauty-lips-boys-lip-color/addison", "review": "A-", "user_rating": "0", "permanence": "LE", "rgb": [199, 96, 94], "color_name": "pink", "image_url": "http://www.temptalia.com/wp-content/uploads/2014/12/tomford_addison004-400x355.jpg", "price": "$32.00", "price_per_ounce": 457.1428571428571}, {"full_text": "Limited Edition. $32.00/0.07 oz.", "brand": "Tom Ford Beauty", "name": "Stavros", "url": "http://www.temptalia.com/product/tom-ford-beauty-lips-boys-lip-color/stavros", "review": "A", "user_rating": "5", "permanence": "LE", "rgb": [124, 72, 72], "color_name": "nude", "image_url": "http://www.temptalia.com/wp-content/uploads/2014/12/tomford_stavros004-400x355.jpg", "price": "$32.00", "price_per_ounce": 457.1428571428571}, {"full_text": "Limited Edition. $32.00/0.07 oz.", "brand": "Tom Ford Beauty", "name": "Julian", "url": "http://www.temptalia.com/product/tom-ford-beauty-lips-boys-lip-color/julian", "review": "A", "user_rating": "0", "permanence": "LE", "rgb": [203, 116, 101], "color_name": "pink", "image_url": "http://www.temptalia.com/wp-content/uploads/2014/12/tomford_julian004-400x355.jpg", "price": "$32.00", "price_per_ounce": 457.1428571428571}, {"full_text": "Limited Edition. $17.00/0.10 oz.", "brand": "MAC", "name": "5 Alarm", "url": "http://www.temptalia.com/product/mac-cosmetics-lipstick/5-alarm", "review": "B-", "user_rating": "4", "permanence": "LE", "rgb": [199, 51, 55], "color_name": "pink", "image_url": "http://www.temptalia.com/wp-content/uploads/2014/12/mac_5alarm004-400x355.jpg", "price": "$17.00", "price_per_ounce": 170.0}, {"full_text": "Permanent. $20.00/0.22 oz.", "brand": "Kat Von D", "name": "Berlin", "url": "http://www.temptalia.com/product/kat-von-d-everlasting-liquid-lipstick/berlin", "review": "A-", "user_rating": "3", "permanence": "P", "rgb": [233, 73, 39], "color_name": "pink", "image_url": "http://www.temptalia.com/wp-content/uploads/2014/12/katvond_berlinliquid004-400x355.jpg", "price": "$20.00", "price_per_ounce": 90.9090909090909}, {"full_text": "Permanent. $23.00/0.15 oz.", "brand": "MAC", "name": "Soft Pout", "url": "http://www.temptalia.com/product/mac-cosmetics-ultimate-lipstick/soft-pout", "review": "B-", "user_rating": "0", "permanence": "P", "rgb": [207, 91, 112], "color_name": "orange", "image_url": "http://www.temptalia.com/wp-content/uploads/2014/09/mac_softpout004-400x355.jpg", "price": "$23.00", "price_per_ounce": 153.33333333333334}, {"full_text": "Permanent. $23.00/0.15 oz.", "brand": "MAC", "name": "To Savour", "url": "http://www.temptalia.com/product/mac-cosmetics-ultimate-lipstick/to-savour", "review": "B-", "user_rating": "0", "permanence": "P", "rgb": [205, 119, 105], "color_name": "pink", "image_url": "http://www.temptalia.com/wp-content/uploads/2014/09/mac_tosavour004-400x355.jpg", "price": "$23.00", "price_per_ounce": 153.33333333333334}, {"full_text": "Permanent. $23.00/0.15 oz.", "brand": "MAC", "name": "Marque", "url": "http://www.temptalia.com/product/mac-cosmetics-ultimate-lipstick/marque", "review": "A-", "user_rating": "5", "permanence": "P", "rgb": [186, 68, 66], "color_name": "pink", "image_url": "http://www.temptalia.com/wp-content/uploads/2014/09/mac_marque004-400x355.jpg", "price": "$23.00", "price_per_ounce": 153.33333333333334}, {"full_text": "Permanent. $23.00/0.15 oz.", "brand": "MAC", "name": "Femme-de-Luxe", "url": "http://www.temptalia.com/product/mac-cosmetics-ultimate-lipstick/femme-de-luxe", "review": "B+", "user_rating": "3", "permanence": "P", "rgb": [225, 120, 68], "color_name": "fuchsia", "image_url": "http://www.temptalia.com/wp-content/uploads/2014/09/mac_femmedeluxe004-400x355.jpg", "price": "$23.00", "price_per_ounce": 153.33333333333334}, {"full_text": "Permanent. $23.00/0.15 oz.", "brand": "MAC", "name": "Ravishingly Rich", "url": "http://www.temptalia.com/product/mac-cosmetics-ultimate-lipstick/ravishingly-rich", "review": "A", "user_rating": "0", "permanence": "P", "rgb": [228, 32, 56], "color_name": "pink", "image_url": "http://www.temptalia.com/wp-content/uploads/2014/09/mac_ravishinglyrich004-400x355.jpg", "price": "$23.00", "price_per_ounce": 153.33333333333334}, {"full_text": "Permanent. $23.00/0.15 oz.", "brand": "MAC", "name": "The Scene", "url": "http://www.temptalia.com/product/mac-cosmetics-ultimate-lipstick/the-scene", "review": "C+", "user_rating": "0", "permanence": "P", "rgb": [117, 20, 9], "color_name": "red", "image_url": "http://www.temptalia.com/wp-content/uploads/2014/09/mac_thescene004-400x355.jpg", "price": "$23.00", "price_per_ounce": 153.33333333333334}, {"full_text": "Permanent. $23.00/0.15 oz.", "brand": "MAC", "name": "Audacious", "url": "http://www.temptalia.com/product/mac-cosmetics-ultimate-lipstick/audacious", "review": "A", "user_rating": "0", "permanence": "P", "rgb": [197, 22, 19], "color_name": "pink", "image_url": "http://www.temptalia.com/wp-content/uploads/2014/09/mac_audacious004-400x355.jpg", "price": "$23.00", "price_per_ounce": 153.33333333333334}, {"full_text": "Permanent. $5.00/0.04 oz.", "brand": "Colour Pop", "name": "Leather", "url": "http://www.temptalia.com/product/colour-pop-lippie-stix/leather", "review": "A-", "user_rating": "5", "permanence": "P", "rgb": [100, 72, 21], "color_name": "purple", "image_url": "http://www.temptalia.com/wp-content/uploads/2014/12/colourpop_leatherstix004-400x355.jpg", "price": "$5.00", "price_per_ounce": 125.0}, {"full_text": "Permanent. $5.00/0.04 oz.", "brand": "Colour Pop", "name": "Feminist", "url": "http://www.temptalia.com/product/colour-pop-lippie-stix/feminist", "review": "A", "user_rating": "4", "permanence": "P", "rgb": [32, 24, 15], "color_name": "purple", "image_url": "http://www.temptalia.com/wp-content/uploads/2014/12/colourpop_feministstix004-400x355.jpg", "price": "$5.00", "price_per_ounce": 125.0}, {"full_text": "Permanent. $5.00/0.04 oz.", "brand": "Colour Pop", "name": "Brills", "url": "http://www.temptalia.com/product/colour-pop-lippie-stix/brills", "review": "A", "user_rating": "4", "permanence": "P", "rgb": [182, 142, 93], "color_name": "purple", "image_url": "http://www.temptalia.com/wp-content/uploads/2014/12/colourpop_brillsstix004-400x355.jpg", "price": "$5.00", "price_per_ounce": 125.0}, {"full_text": "Permanent. $5.00/0.04 oz.", "brand": "Colour Pop", "name": "Raw", "url": "http://www.temptalia.com/product/colour-pop-lippie-stix/raw", "review": "B-", "user_rating": "0", "permanence": "P", "rgb": [106, 149, 153], "color_name": "green", "image_url": "http://www.temptalia.com/wp-content/uploads/2014/12/colourpop_rawstix004-400x355.jpg", "price": "$5.00", "price_per_ounce": 125.0}, {"full_text": "Permanent. $5.00/0.04 oz.", "brand": "Colour Pop", "name": "Charm", "url": "http://www.temptalia.com/product/colour-pop-lippie-stix/charm", "review": "B", "user_rating": "0", "permanence": "P", "rgb": [141, 132, 159], "color_name": "grey", "image_url": "http://www.temptalia.com/wp-content/uploads/2014/12/colourpop_charmstix004-400x355.jpg", "price": "$5.00", "price_per_ounce": 125.0}, {"full_text": "Permanent. $5.00/0.04 oz.", "brand": "Colour Pop", "name": "Bunny", "url": "http://www.temptalia.com/product/colour-pop-lippie-stix/bunny", "review": "B", "user_rating": "3", "permanence": "P", "rgb": [29, 23, 52], "color_name": "green", "image_url": "http://www.temptalia.com/wp-content/uploads/2014/12/colourpop_bunnystix004-400x355.jpg", "price": "$5.00", "price_per_ounce": 125.0}, {"full_text": "Permanent. $5.00/0.04 oz.", "brand": "Colour Pop", "name": "Grind", "url": "http://www.temptalia.com/product/colour-pop-lippie-stix/grind", "review": "A-", "user_rating": "4", "permanence": "P", "rgb": [139, 115, 34], "color_name": "purple", "image_url": "http://www.temptalia.com/wp-content/uploads/2014/12/colourpop_grindstix004-400x355.jpg", "price": "$5.00", "price_per_ounce": 125.0}, {"full_text": "Permanent. $5.00/0.04 oz.", "brand": "Colour Pop", "name": "Rocket", "url": "http://www.temptalia.com/product/colour-pop-lippie-stix/rocket", "review": "A", "user_rating": "4", "permanence": "P", "rgb": [247, 107, 88], "color_name": "pink", "image_url": "http://www.temptalia.com/wp-content/uploads/2014/12/colourpop_rocketstix004-400x355.jpg", "price": "$5.00", "price_per_ounce": 125.0}, {"full_text": "Permanent. $5.00/0.04 oz.", "brand": "Colour Pop", "name": "Button", "url": "http://www.temptalia.com/product/colour-pop-lippie-stix/button", "review": "A-", "user_rating": "5", "permanence": "P", "rgb": [236, 152, 171], "color_name": "orange", "image_url": "http://www.temptalia.com/wp-content/uploads/2014/12/colourpop_buttonstix003-400x355.jpg", "price": "$5.00", "price_per_ounce": 125.0}, {"full_text": "Permanent. $5.00/0.04 oz.", "brand": "Colour Pop", "name": "Fetch", "url": "http://www.temptalia.com/product/colour-pop-lippie-stix/fetch", "review": "A-", "user_rating": "5", "permanence": "P", "rgb": [223, 118, 80], "color_name": "fuchsia", "image_url": "http://www.temptalia.com/wp-content/uploads/2014/12/colourpop_fetchstix004-400x355.jpg", "price": "$5.00", "price_per_ounce": 125.0}, {"full_text": "Limited Edition. $17.00/0.10 oz.", "brand": "MAC", "name": "Runner", "url": "http://www.temptalia.com/product/mac-cosmetics-lipstick/runner", "review": "B-", "user_rating": "4", "permanence": "LE", "rgb": [81, 14, 12], "color_name": "burgundy", "image_url": "http://www.temptalia.com/wp-content/uploads/2014/11/mac_runner004-400x355.jpg", "price": "$17.00", "price_per_ounce": 170.0}, {"full_text": "Limited Edition. $17.00/0.10 oz.", "brand": "MAC", "name": "Stunner", "url": "http://www.temptalia.com/product/mac-cosmetics-lipstick/stunner", "review": "A-", "user_rating": "0", "permanence": "LE", "rgb": [166, 16, 10], "color_name": "red", "image_url": "http://www.temptalia.com/wp-content/uploads/2014/11/mac_stunner004-400x355.jpg", "price": "$17.00", "price_per_ounce": 170.0}, {"full_text": "Limited Edition. $17.00/0.10 oz.", "brand": "MAC", "name": "Gunner", "url": "http://www.temptalia.com/product/mac-cosmetics-lipstick/gunner", "review": "A-", "user_rating": "3", "permanence": "LE", "rgb": [45, 56, 21], "color_name": "purple", "image_url": "http://www.temptalia.com/wp-content/uploads/2014/11/mac_gunner004-400x355.jpg", "price": "$17.00", "price_per_ounce": 170.0}, {"full_text": "Limited Edition. $32.00/0.12 oz.", "brand": "Charlotte Tilbury", "name": "Confession", "url": "http://www.temptalia.com/product/charlotte-tilbury-kissing-lipstick/confession", "review": "B+", "user_rating": "5", "permanence": "LE", "rgb": [191, 73, 83], "color_name": "pink", "image_url": "http://www.temptalia.com/wp-content/uploads/2014/11/charlottetilbury_confession004-400x355.jpg", "price": "$32.00", "price_per_ounce": 266.6666666666667}, {"full_text": "Permanent. $20.00/0.22 oz.", "brand": "Kat Von D", "name": "Backstage Bambi", "url": "http://www.temptalia.com/product/kat-von-d-everlasting-liquid-lipstick/backstage-bambi", "review": "A-", "user_rating": "4", "permanence": "P", "rgb": [238, 128, 41], "color_name": "fuchsia", "image_url": "http://www.temptalia.com/wp-content/uploads/2014/11/katvond_backstagebambiliquid004-400x355.jpg", "price": "$20.00", "price_per_ounce": 90.9090909090909}, {"full_text": "Permanent. $20.00/0.22 oz.", "brand": "Kat Von D", "name": "L.U.V.", "url": "http://www.temptalia.com/product/kat-von-d-everlasting-liquid-lipstick/l-u-v", "review": "A-", "user_rating": "4", "permanence": "P", "rgb": [170, 107, 36], "color_name": "purple", "image_url": "http://www.temptalia.com/wp-content/uploads/2014/11/katvond_luvliquid004-400x355.jpg", "price": "$20.00", "price_per_ounce": 90.9090909090909}, {"full_text": "Limited Edition. $30.00/0.10 oz.", "brand": "MAC", "name": "Light English Red", "url": "http://www.temptalia.com/product/mac-cosmetics-lipstick-prabal-gurung/light-english-red", "review": "B", "user_rating": "0", "permanence": "LE", "rgb": [196, 97, 91], "color_name": "pink", "image_url": "http://www.temptalia.com/wp-content/uploads/2014/11/mac_lightenglishred004-400x355.jpg", "price": "$30.00", "price_per_ounce": 300.0}, {"full_text": "Limited Edition. $30.00/0.10 oz.", "brand": "MAC", "name": "Carmine Rouge", "url": "http://www.temptalia.com/product/mac-cosmetics-lipstick-prabal-gurung/carmine-rouge", "review": "A-", "user_rating": "0", "permanence": "LE", "rgb": [211, 37, 17], "color_name": "pink", "image_url": "http://www.temptalia.com/wp-content/uploads/2014/11/mac_carminerouge004-400x355.jpg", "price": "$30.00", "price_per_ounce": 300.0}, {"full_text": "Permanent. $33.00/0.11 oz.", "brand": "Burberry", "name": "Oxblood No. 214", "url": "http://www.temptalia.com/product/burberry-lip-mist/oxblood-no-214", "review": "A-", "user_rating": "0", "permanence": "P", "rgb": [170, 42, 30], "color_name": "red", "image_url": "http://www.temptalia.com/wp-content/uploads/2014/11/burberry_oxbloodno214lipmist004-400x355.jpg", "price": "$33.00", "price_per_ounce": 300.0}, {"full_text": "Limited Edition. $33.00/0.11 oz.", "brand": "Burberry", "name": "Gold No. 217", "url": "http://www.temptalia.com/product/burberry-lip-mist/gold-no-217", "review": "B", "user_rating": "0", "permanence": "LE", "rgb": [181, 72, 81], "color_name": "nude", "image_url": "http://www.temptalia.com/wp-content/uploads/2014/11/burberry_goldno217lipmist004-400x355.jpg", "price": "$33.00", "price_per_ounce": 300.0}, {"full_text": "Limited Edition. $17.00/0.10 oz.", "brand": "MAC", "name": "Kinky", "url": "http://www.temptalia.com/product/mac-cosmetics-lipstick/kinky", "review": "A", "user_rating": "5", "permanence": "LE", "rgb": [182, 16, 12], "color_name": "red", "image_url": "http://www.temptalia.com/wp-content/uploads/2014/11/mac_kinkylipstick004-400x355.jpg", "price": "$17.00", "price_per_ounce": 170.0}, {"full_text": "Limited Edition. $30.00/0.10 oz.", "brand": "MAC", "name": "Ultramarine Pink", "url": "http://www.temptalia.com/product/mac-cosmetics-lipstick-prabal-gurung/ultramarine-pink", "review": "A", "user_rating": "0", "permanence": "LE", "rgb": [181, 69, 15], "color_name": "fuchsia", "image_url": "http://www.temptalia.com/wp-content/uploads/2014/11/mac_ultramarinepinklipstick010-400x355.jpg", "price": "$30.00", "price_per_ounce": 300.0}, {"full_text": "Permanent. $30.00/0.12 oz.", "brand": "Estee Lauder", "name": "Reckless", "url": "http://www.temptalia.com/product/estee-lauder-pure-color-envy-sculpting-lipstick/reckless", "review": "A", "user_rating": "5", "permanence": "P", "rgb": [182, 72, 36], "color_name": "pink", "image_url": "http://www.temptalia.com/wp-content/uploads/2014/11/esteelauder_480reckless004-400x355.jpg", "price": "$30.00", "price_per_ounce": 250.0}, {"full_text": "Limited Edition. ", "brand": "Tarte", "name": "Rare", "url": "http://www.temptalia.com/product/tarte-lipsurgence-lip-creme/rare", "review": "A-", "user_rating": "0", "permanence": "LE", "rgb": [203, 70, 67], "color_name": "pink", "image_url": "http://www.temptalia.com/wp-content/uploads/2014/11/tarte_sweetindulgences030-400x355.jpg", "price": "$0.00", "price_per_ounce": "NA"}, {"full_text": "Limited Edition. ", "brand": "Tarte", "name": "Wonder", "url": "http://www.temptalia.com/product/tarte-lipsurgence-lip-creme/wonder", "review": "A", "user_rating": "0", "permanence": "LE", "rgb": [191, 62, 40], "color_name": "pink", "image_url": "http://www.temptalia.com/wp-content/uploads/2014/11/tarte_sweetindulgences036-400x355.jpg", "price": "$0.00", "price_per_ounce": "NA"}, {"full_text": "Permanent. $50.00/0.12 oz.", "brand": "Lipstick Queen", "name": "Play It", "url": "http://www.temptalia.com/product/lipstick-queen-silver-screen-lipstick/play-it", "review": "B+", "user_rating": "0", "permanence": "P", "rgb": [213, 62, 14], "color_name": "pink", "image_url": "http://www.temptalia.com/wp-content/uploads/2014/11/lipstickqueen_haveparis004-400x355.jpg", "price": "$50.00", "price_per_ounce": 416.6666666666667}, {"full_text": "Permanent. $50.00/0.12 oz.", "brand": "Lipstick Queen", "name": "Have Paris", "url": "http://www.temptalia.com/product/lipstick-queen-silver-screen-lipstick/have-paris", "review": "B", "user_rating": "0", "permanence": "P", "rgb": [200, 35, 27], "color_name": "pink", "image_url": "http://www.temptalia.com/wp-content/uploads/2014/11/lipstickqueen_playit004-400x355.jpg", "price": "$50.00", "price_per_ounce": 416.6666666666667}, {"full_text": "Permanent. $50.00/0.12 oz.", "brand": "Lipstick Queen", "name": "See Me", "url": "http://www.temptalia.com/product/lipstick-queen-silver-screen-lipstick/see-me", "review": "A-", "user_rating": "0", "permanence": "P", "rgb": [220, 60, 76], "color_name": "pink", "image_url": "http://www.temptalia.com/wp-content/uploads/2014/11/lipstickqueen_seeme004-400x355.jpg", "price": "$50.00", "price_per_ounce": 416.6666666666667}, {"full_text": "Permanent. $30.00/0.12 oz.", "brand": "Estee Lauder", "name": "Carnal", "url": "http://www.temptalia.com/product/estee-lauder-pure-color-envy-sculpting-lipstick/carnal", "review": "A+", "user_rating": "0", "permanence": "P", "rgb": [200, 8, 15], "color_name": "pink", "image_url": "http://www.temptalia.com/wp-content/uploads/2014/11/esteelauder_370carnal004-400x355.jpg", "price": "$30.00", "price_per_ounce": 250.0}, {"full_text": "Permanent. $24.00/0.05 oz.", "brand": "Bite Beauty", "name": "Peche", "url": "http://www.temptalia.com/product/bite-beauty-matte-creme-lip-crayon/peche", "review": "A+", "user_rating": "5", "permanence": "P", "rgb": [220, 48, 54], "color_name": "pink", "image_url": "http://www.temptalia.com/wp-content/uploads/2014/11/bitebeauty_pechepencil004-400x355.jpg", "price": "$24.00", "price_per_ounce": 480.0}, {"full_text": "Permanent. $24.00/0.05 oz.", "brand": "Bite Beauty", "name": "Sucre", "url": "http://www.temptalia.com/product/bite-beauty-matte-creme-lip-crayon/sucre", "review": "A", "user_rating": "4", "permanence": "P", "rgb": [214, 64, 47], "color_name": "pink", "image_url": "http://www.temptalia.com/wp-content/uploads/2014/11/bitebeauty_sucrepencil004-400x355.jpg", "price": "$24.00", "price_per_ounce": 480.0}, {"full_text": "Permanent. $24.00/0.05 oz.", "brand": "Bite Beauty", "name": "Tatin", "url": "http://www.temptalia.com/product/bite-beauty-matte-creme-lip-crayon/tatin", "review": "A", "user_rating": "0", "permanence": "P", "rgb": [231, 100, 85], "color_name": "pink", "image_url": "http://www.temptalia.com/wp-content/uploads/2014/11/bitebeauty_tatinpencil004-400x355.jpg", "price": "$24.00", "price_per_ounce": 480.0}, {"full_text": "Permanent. $24.00/0.05 oz.", "brand": "Bite Beauty", "name": "Truffle", "url": "http://www.temptalia.com/product/bite-beauty-matte-creme-lip-crayon/truffle", "review": "B-", "user_rating": "0", "permanence": "P", "rgb": [63, 14, 11], "color_name": "burgundy", "image_url": "http://www.temptalia.com/wp-content/uploads/2014/11/bitebeauty_trufflepencil004-400x355.jpg", "price": "$24.00", "price_per_ounce": 480.0}, {"full_text": "Permanent. $24.00/0.05 oz.", "brand": "Bite Beauty", "name": "Amaretto", "url": "http://www.temptalia.com/product/bite-beauty-matte-creme-lip-crayon/amaretto", "review": "A", "user_rating": "4", "permanence": "P", "rgb": [198, 77, 88], "color_name": "pink", "image_url": "http://www.temptalia.com/wp-content/uploads/2014/11/bitebeauty_amarettopencil004-400x355.jpg", "price": "$24.00", "price_per_ounce": 480.0}, {"full_text": "Permanent. $24.00/0.05 oz.", "brand": "Bite Beauty", "name": "Aubergine", "url": "http://www.temptalia.com/product/bite-beauty-matte-creme-lip-crayon/aubergine", "review": "A", "user_rating": "4", "permanence": "P", "rgb": [145, 40, 11], "color_name": "red", "image_url": "http://www.temptalia.com/wp-content/uploads/2014/11/bitebeauty_auberginepencil004-400x355.jpg", "price": "$24.00", "price_per_ounce": 480.0}, {"full_text": "Permanent. $24.00/0.05 oz.", "brand": "Bite Beauty", "name": "Brandy", "url": "http://www.temptalia.com/product/bite-beauty-matte-creme-lip-crayon/brandy", "review": "A", "user_rating": "0", "permanence": "P", "rgb": [177, 42, 28], "color_name": "pink", "image_url": "http://www.temptalia.com/wp-content/uploads/2014/11/bitebeauty_brandypencil004-400x355.jpg", "price": "$24.00", "price_per_ounce": 480.0}, {"full_text": "Permanent. $24.00/0.05 oz.", "brand": "Bite Beauty", "name": "Cognac", "url": "http://www.temptalia.com/product/bite-beauty-matte-creme-lip-crayon/cognac", "review": "A-", "user_rating": "5", "permanence": "P", "rgb": [102, 13, 22], "color_name": "red", "image_url": "http://www.temptalia.com/wp-content/uploads/2014/11/bitebeauty_cognacpencil004-400x355.jpg", "price": "$24.00", "price_per_ounce": 480.0}, {"full_text": "Permanent. $24.00/0.05 oz.", "brand": "Bite Beauty", "name": "Fraise", "url": "http://www.temptalia.com/product/bite-beauty-matte-creme-lip-crayon/fraise", "review": "A", "user_rating": "0", "permanence": "P", "rgb": [185, 20, 14], "color_name": "red", "image_url": "http://www.temptalia.com/wp-content/uploads/2014/11/bitebeauty_fraisepencil004-400x355.jpg", "price": "$24.00", "price_per_ounce": 480.0}, {"full_text": "Permanent. $24.00/0.05 oz.", "brand": "Bite Beauty", "name": "Framboise", "url": "http://www.temptalia.com/product/bite-beauty-matte-creme-lip-crayon/framboise", "review": "A", "user_rating": "0", "permanence": "P", "rgb": [214, 78, 17], "color_name": "fuchsia", "image_url": "http://www.temptalia.com/wp-content/uploads/2014/11/bitebeauty_framboisepencil004-400x355.jpg", "price": "$24.00", "price_per_ounce": 480.0}, {"full_text": "Permanent. $24.00/0.05 oz.", "brand": "Bite Beauty", "name": "Glace", "url": "http://www.temptalia.com/product/bite-beauty-matte-creme-lip-crayon/glace", "review": "A", "user_rating": "4", "permanence": "P", "rgb": [193, 64, 63], "color_name": "pink", "image_url": "http://www.temptalia.com/wp-content/uploads/2014/11/bitebeauty_glacepencil004-400x355.jpg", "price": "$24.00", "price_per_ounce": 480.0}, {"full_text": "Permanent. $24.00/0.05 oz.", "brand": "Bite Beauty", "name": "Leche", "url": "http://www.temptalia.com/product/bite-beauty-matte-creme-lip-crayon/leche", "review": "A", "user_rating": "0", "permanence": "P", "rgb": [208, 87, 97], "color_name": "pink", "image_url": "http://www.temptalia.com/wp-content/uploads/2014/11/bitebeauty_lechepencil004-400x355.jpg", "price": "$24.00", "price_per_ounce": 480.0}, {"full_text": "Permanent. $30.00/0.12 oz.", "brand": "Estee Lauder", "name": "Eccentric", "url": "http://www.temptalia.com/product/estee-lauder-pure-color-envy-sculpting-lipstick/eccentric", "review": "A", "user_rating": "5", "permanence": "P", "rgb": [230, 88, 86], "color_name": "pink", "image_url": "http://www.temptalia.com/wp-content/uploads/2014/11/esteelauder_260eccentric004-400x355.jpg", "price": "$30.00", "price_per_ounce": 250.0}, {"full_text": "Limited Edition. $50.00/0.10 oz.", "brand": "Tom Ford Beauty", "name": "First Time (09)", "url": "http://www.temptalia.com/product/tom-ford-beauty-lip-color-matte/first-time-09", "review": "B+", "user_rating": "5", "permanence": "LE", "rgb": [214, 87, 93], "color_name": "pink", "image_url": "http://www.temptalia.com/wp-content/uploads/2014/10/tomford_09firsttime004-400x355.jpg", "price": "$50.00", "price_per_ounce": 500.0}, {"full_text": "Limited Edition. $50.00/0.10 oz.", "brand": "Tom Ford Beauty", "name": "Black Dahlia (10)", "url": "http://www.temptalia.com/product/tom-ford-beauty-lip-color-matte/black-dahlia-10", "review": "C+", "user_rating": "5", "permanence": "LE", "rgb": [73, 15, 8], "color_name": "burgundy", "image_url": "http://www.temptalia.com/wp-content/uploads/2014/10/tomford_10blackdahlia004-400x355.jpg", "price": "$50.00", "price_per_ounce": 500.0}, {"full_text": "Permanent. $50.00/0.10 oz.", "brand": "Tom Ford Beauty", "name": "Pink Tease (03)", "url": "http://www.temptalia.com/product/tom-ford-beauty-lip-color-matte/pink-tease-03", "review": "B+", "user_rating": "5", "permanence": "P", "rgb": [214, 102, 89], "color_name": "pink", "image_url": "http://www.temptalia.com/wp-content/uploads/2014/10/tomford_03pinktease004-400x355.jpg", "price": "$50.00", "price_per_ounce": 500.0}, {"full_text": "Permanent. $50.00/0.10 oz.", "brand": "Tom Ford Beauty", "name": "Pussycat (04)", "url": "http://www.temptalia.com/product/tom-ford-beauty-lip-color-matte/pussycat-04", "review": "A", "user_rating": "5", "permanence": "P", "rgb": [198, 85, 65], "color_name": "pink", "image_url": "http://www.temptalia.com/wp-content/uploads/2014/10/tomford_04pussycat004-400x355.jpg", "price": "$50.00", "price_per_ounce": 500.0}, {"full_text": "Permanent. $50.00/0.10 oz.", "brand": "Tom Ford Beauty", "name": "Plum Lush (05)", "url": "http://www.temptalia.com/product/tom-ford-beauty-lip-color-matte/plum-lush-05", "review": "A+", "user_rating": "0", "permanence": "P", "rgb": [190, 53, 17], "color_name": "pink", "image_url": "http://www.temptalia.com/wp-content/uploads/2014/10/tomford_05plumlush004-400x355.jpg", "price": "$50.00", "price_per_ounce": 500.0}, {"full_text": "Permanent. $50.00/0.10 oz.", "brand": "Tom Ford Beauty", "name": "Flame (06)", "url": "http://www.temptalia.com/product/tom-ford-beauty-lip-color-matte/flame-06", "review": "A", "user_rating": "0", "permanence": "P", "rgb": [223, 15, 22], "color_name": "pink", "image_url": "http://www.temptalia.com/wp-content/uploads/2014/10/tomford_06flame004-400x355.jpg", "price": "$50.00", "price_per_ounce": 500.0}, {"full_text": "Permanent. $50.00/0.10 oz.", "brand": "Tom Ford Beauty", "name": "Ruby Rush (07)", "url": "http://www.temptalia.com/product/tom-ford-beauty-lip-color-matte/ruby-rush-07", "review": "A", "user_rating": "0", "permanence": "P", "rgb": [187, 21, 13], "color_name": "red", "image_url": "http://www.temptalia.com/wp-content/uploads/2014/10/tomford_07rubyrush004-400x355.jpg", "price": "$50.00", "price_per_ounce": 500.0}, {"full_text": "Permanent. $50.00/0.10 oz.", "brand": "Tom Ford Beauty", "name": "Velvet Cherry (08)", "url": "http://www.temptalia.com/product/tom-ford-beauty-lip-color-matte/velvet-cherry-08", "review": "B+", "user_rating": "0", "permanence": "P", "rgb": [125, 19, 17], "color_name": "red", "image_url": "http://www.temptalia.com/wp-content/uploads/2014/10/tomford_08velvetcherry004-400x355.jpg", "price": "$50.00", "price_per_ounce": 500.0}, {"full_text": "Limited Edition. $24.00/0.09 oz.", "brand": "Bite Beauty", "name": "Winterberry", "url": "http://www.temptalia.com/product/bite-beauty-high-pigment-pencil/winterberry", "review": "A", "user_rating": "4", "permanence": "LE", "rgb": [185, 39, 9], "color_name": "red", "image_url": "http://www.temptalia.com/wp-content/uploads/2014/10/bitebeauty_2014remix024-400x355.jpg", "price": "$24.00", "price_per_ounce": 266.6666666666667}, {"full_text": "Limited Edition. $24.00/0.09 oz.", "brand": "Bite Beauty", "name": "Sable", "url": "http://www.temptalia.com/product/bite-beauty-high-pigment-pencil/sable", "review": "A", "user_rating": "5", "permanence": "LE", "rgb": [212, 89, 92], "color_name": "pink", "image_url": "http://www.temptalia.com/wp-content/uploads/2014/10/bitebeauty_2014remix012-400x355.jpg", "price": "$24.00", "price_per_ounce": 266.6666666666667}, {"full_text": "Limited Edition. $17.00/0.10 oz.", "brand": "MAC", "name": "Petulance", "url": "http://www.temptalia.com/product/mac-cosmetics-lipstick/petulance", "review": "B-", "user_rating": "0", "permanence": "LE", "rgb": [187, 92, 101], "color_name": "nude", "image_url": "http://www.temptalia.com/wp-content/uploads/2014/10/mac_keepsakessmokyface020-400x355.jpg", "price": "$17.00", "price_per_ounce": 170.0}, {"full_text": "Limited Edition. $17.00/0.10 oz.", "brand": "MAC", "name": "Evening Posh", "url": "http://www.temptalia.com/product/mac-cosmetics-lipstick/evening-posh", "review": "A-", "user_rating": "0", "permanence": "LE", "rgb": [181, 24, 16], "color_name": "red", "image_url": "http://www.temptalia.com/wp-content/uploads/2014/10/mac_keepsakessmokyface025-400x355.jpg", "price": "$17.00", "price_per_ounce": 170.0}, {"full_text": "Limited Edition. $17.00/0.10 oz.", "brand": "MAC", "name": "Kiss the King", "url": "http://www.temptalia.com/product/mac-cosmetics-lipstick/kiss-the-king", "review": "B+", "user_rating": "3", "permanence": "LE", "rgb": [205, 94, 93], "color_name": "pink", "image_url": "http://www.temptalia.com/wp-content/uploads/2014/10/mac_keepsakesnudelipbag005-400x355.jpg", "price": "$17.00", "price_per_ounce": 170.0}, {"full_text": "Limited Edition. $36.00/0.12 oz.", "brand": "Chanel", "name": "Volage (227)", "url": "http://www.temptalia.com/product/chanel-rouge-allure-luminous-intense-lip-colour/volage-227", "review": "C-", "user_rating": "0", "permanence": "LE", "rgb": [200, 90, 98], "color_name": "pink", "image_url": "http://www.temptalia.com/wp-content/uploads/2014/10/chanel_227volage004-400x355.jpg", "price": "$36.00", "price_per_ounce": 300.0}, {"full_text": "Limited Edition. $25.00/0.09 oz.", "brand": "NARS", "name": "Iberico", "url": "http://www.temptalia.com/product/nars-cosmetics-velvet-matte-lip-pencil/iberico", "review": "A", "user_rating": "0", "permanence": "LE", "rgb": [207, 19, 48], "color_name": "pink", "image_url": "http://www.temptalia.com/wp-content/uploads/2014/10/nars_digitalworld024-400x355.jpg", "price": "$25.00", "price_per_ounce": 277.77777777777777}, {"full_text": "Limited Edition. $26.00/0.12 oz.", "brand": "NARS", "name": "Deadly Catch", "url": "http://www.temptalia.com/product/nars-cosmetics-hardwired-lipstick/deadly-catch", "review": "A", "user_rating": "0", "permanence": "LE", "rgb": [168, 14, 8], "color_name": "red", "image_url": "http://www.temptalia.com/wp-content/uploads/2014/10/nars_deadlycatch004-400x355.jpg", "price": "$26.00", "price_per_ounce": 216.66666666666669}, {"full_text": "Limited Edition. $26.00/0.12 oz.", "brand": "NARS", "name": "Femme Fleur", "url": "http://www.temptalia.com/product/nars-cosmetics-hardwired-lipstick/femme-fleur", "review": "A-", "user_rating": "0", "permanence": "LE", "rgb": [169, 30, 46], "color_name": "red", "image_url": "http://www.temptalia.com/wp-content/uploads/2014/10/nars_femmefleur004-400x355.jpg", "price": "$26.00", "price_per_ounce": 216.66666666666669}, {"full_text": "Limited Edition. $26.00/0.12 oz.", "brand": "NARS", "name": "Adriatic", "url": "http://www.temptalia.com/product/nars-cosmetics-hardwired-lipstick/adriatic", "review": "C-", "user_rating": "0", "permanence": "LE", "rgb": [201, 125, 135], "color_name": "nude", "image_url": "http://www.temptalia.com/wp-content/uploads/2014/10/nars_adriatic004-400x355.jpg", "price": "$26.00", "price_per_ounce": 216.66666666666669}, {"full_text": "Permanent. $6.00/0.15 oz.", "brand": "NYX", "name": "Orange Blossom", "url": "http://www.temptalia.com/product/nyx-macaron-lippie/orange-blossom", "review": "B+", "user_rating": "0", "permanence": "P", "rgb": [234, 111, 147], "color_name": "orange", "image_url": "http://www.temptalia.com/wp-content/uploads/2014/10/nyx_orangeblossom004-400x355.jpg", "price": "$6.00", "price_per_ounce": 40.0}, {"full_text": "Permanent. $6.00/0.15 oz.", "brand": "NYX", "name": "Citron", "url": "http://www.temptalia.com/product/nyx-macaron-lippie/citron", "review": "B-", "user_rating": "0", "permanence": "P", "rgb": [228, 59, 157], "color_name": "orange", "image_url": "http://www.temptalia.com/wp-content/uploads/2014/10/nyx_citron004-400x355.jpg", "price": "$6.00", "price_per_ounce": 40.0}, {"full_text": "Permanent. $6.00/0.15 oz.", "brand": "NYX", "name": "Chambord", "url": "http://www.temptalia.com/product/nyx-macaron-lippie/chambord", "review": "B+", "user_rating": "0", "permanence": "P", "rgb": [17, 9, 11], "color_name": "nude", "image_url": "http://www.temptalia.com/wp-content/uploads/2014/10/nyx_chambord004-400x355.jpg", "price": "$6.00", "price_per_ounce": 40.0}, {"full_text": "Permanent. $6.00/0.15 oz.", "brand": "NYX", "name": "Black Sesame", "url": "http://www.temptalia.com/product/nyx-macaron-lippie/black-sesame", "review": "A-", "user_rating": "3", "permanence": "P", "rgb": [175, 159, 162], "color_name": "grey", "image_url": "http://www.temptalia.com/wp-content/uploads/2014/10/nyx_blacksesame004-400x355.jpg", "price": "$6.00", "price_per_ounce": 40.0}, {"full_text": "Permanent. $6.00/0.15 oz.", "brand": "NYX", "name": "Earl Grey", "url": "http://www.temptalia.com/product/nyx-macaron-lippie/earl-grey", "review": "B", "user_rating": "0", "permanence": "P", "rgb": [136, 200, 162], "color_name": "blue", "image_url": "http://www.temptalia.com/wp-content/uploads/2014/10/nyx_earlygrey004-400x355.jpg", "price": "$6.00", "price_per_ounce": 40.0}, {"full_text": "Permanent. $6.00/0.15 oz.", "brand": "NYX", "name": "Violet", "url": "http://www.temptalia.com/product/nyx-macaron-lippie/violet", "review": "A", "user_rating": "4", "permanence": "P", "rgb": [177, 174, 89], "color_name": "purple", "image_url": "http://www.temptalia.com/wp-content/uploads/2014/10/nyx_violet004-400x355.jpg", "price": "$6.00", "price_per_ounce": 40.0}, {"full_text": "Permanent. $6.00/0.15 oz.", "brand": "NYX", "name": "Lavender", "url": "http://www.temptalia.com/product/nyx-macaron-lippie/lavender", "review": "B-", "user_rating": "5", "permanence": "P", "rgb": [181, 201, 154], "color_name": "blue", "image_url": "http://www.temptalia.com/wp-content/uploads/2014/10/nyx_lavender004-400x355.jpg", "price": "$6.00", "price_per_ounce": 40.0}, {"full_text": "Permanent. $6.00/0.15 oz.", "brand": "NYX", "name": "Key Lime", "url": "http://www.temptalia.com/product/nyx-macaron-lippie/key-lime", "review": "B-", "user_rating": "0", "permanence": "P", "rgb": [132, 96, 165], "color_name": "nude", "image_url": "http://www.temptalia.com/wp-content/uploads/2014/10/nyx_keylime004-400x355.jpg", "price": "$6.00", "price_per_ounce": 40.0}, {"full_text": "Permanent. $6.00/0.15 oz.", "brand": "NYX", "name": "Pistachio", "url": "http://www.temptalia.com/product/nyx-macaron-lippie/pistachio", "review": "B-", "user_rating": "3", "permanence": "P", "rgb": [120, 184, 185], "color_name": "green", "image_url": "http://www.temptalia.com/wp-content/uploads/2014/10/nyx_pistachio004-400x355.jpg", "price": "$6.00", "price_per_ounce": 40.0}, {"full_text": "Permanent. $6.00/0.15 oz.", "brand": "NYX", "name": "Blue Velvet", "url": "http://www.temptalia.com/product/nyx-macaron-lippie/blue-velvet", "review": "A-", "user_rating": "0", "permanence": "P", "rgb": [27, 192, 144], "color_name": "green", "image_url": "http://www.temptalia.com/wp-content/uploads/2014/10/nyx_bluevelvet004-400x355.jpg", "price": "$6.00", "price_per_ounce": 40.0}, {"full_text": "Permanent. $6.00/0.15 oz.", "brand": "NYX", "name": "Rose", "url": "http://www.temptalia.com/product/nyx-macaron-lippie/rose", "review": "B+", "user_rating": "0", "permanence": "P", "rgb": [222, 178, 134], "color_name": "purple", "image_url": "http://www.temptalia.com/wp-content/uploads/2014/10/nyx_rose004-400x355.jpg", "price": "$6.00", "price_per_ounce": 40.0}, {"full_text": "Permanent. $6.00/0.15 oz.", "brand": "NYX", "name": "Envy", "url": "http://www.temptalia.com/product/nyx-wicked-lippie/envy", "review": "B+", "user_rating": "4", "permanence": "P", "rgb": [41, 110, 35], "color_name": "blue", "image_url": "http://www.temptalia.com/wp-content/uploads/2014/10/nyx_envy004-400x355.jpg", "price": "$6.00", "price_per_ounce": 40.0}, {"full_text": "Permanent. $6.00/0.15 oz.", "brand": "NYX", "name": "Sinful", "url": "http://www.temptalia.com/product/nyx-wicked-lippie/sinful", "review": "A", "user_rating": "4", "permanence": "P", "rgb": [4, 103, 43], "color_name": "blue", "image_url": "http://www.temptalia.com/wp-content/uploads/2014/10/nyx_sinful004-400x355.jpg", "price": "$6.00", "price_per_ounce": 40.0}, {"full_text": "Permanent. $6.00/0.15 oz.", "brand": "NYX", "name": "Betrayal", "url": "http://www.temptalia.com/product/nyx-wicked-lippie/betrayal", "review": "C+", "user_rating": "0", "permanence": "P", "rgb": [36, 32, 10], "color_name": "purple", "image_url": "http://www.temptalia.com/wp-content/uploads/2014/10/nyx_betrayal004-400x355.jpg", "price": "$6.00", "price_per_ounce": 40.0}, {"full_text": "Permanent. $6.00/0.15 oz.", "brand": "NYX", "name": "Immortal", "url": "http://www.temptalia.com/product/nyx-wicked-lippie/immortal", "review": "B-", "user_rating": "4", "permanence": "P", "rgb": [41, 92, 18], "color_name": "blue", "image_url": "http://www.temptalia.com/wp-content/uploads/2014/10/nyx_immortal005-400x355.jpg", "price": "$6.00", "price_per_ounce": 40.0}, {"full_text": "Permanent. $6.00/0.15 oz.", "brand": "NYX", "name": "Power", "url": "http://www.temptalia.com/product/nyx-wicked-lippie/power", "review": "A-", "user_rating": "0", "permanence": "P", "rgb": [155, 66, 51], "color_name": "pink", "image_url": "http://www.temptalia.com/wp-content/uploads/2014/10/nyx_power004-400x355.jpg", "price": "$6.00", "price_per_ounce": 40.0}, {"full_text": "Permanent. $6.00/0.15 oz.", "brand": "NYX", "name": "Cold Hearted", "url": "http://www.temptalia.com/product/nyx-wicked-lippie/cold-hearted", "review": "B-", "user_rating": "0", "permanence": "P", "rgb": [48, 33, 34], "color_name": "nude", "image_url": "http://www.temptalia.com/wp-content/uploads/2014/10/nyx_coldhearted004-400x355.jpg", "price": "$6.00", "price_per_ounce": 40.0}, {"full_text": "Permanent. $6.00/0.15 oz.", "brand": "NYX", "name": "Stone Cold", "url": "http://www.temptalia.com/product/nyx-wicked-lippie/stone-cold", "review": "C", "user_rating": "0", "permanence": "P", "rgb": [190, 118, 118], "color_name": "nude", "image_url": "http://www.temptalia.com/wp-content/uploads/2014/10/nyx_stonecold004-400x355.jpg", "price": "$6.00", "price_per_ounce": 40.0}, {"full_text": "Permanent. $6.00/0.15 oz.", "brand": "NYX", "name": "Mischievous", "url": "http://www.temptalia.com/product/nyx-wicked-lippie/mischievous", "review": "B+", "user_rating": "0", "permanence": "P", "rgb": [192, 48, 105], "color_name": "orange", "image_url": "http://www.temptalia.com/wp-content/uploads/2014/10/nyx_mischievous004-400x355.jpg", "price": "$6.00", "price_per_ounce": 40.0}, {"full_text": "Permanent. $6.00/0.15 oz.", "brand": "NYX", "name": "Wrath", "url": "http://www.temptalia.com/product/nyx-wicked-lippie/wrath", "review": "A-", "user_rating": "0", "permanence": "P", "rgb": [143, 24, 42], "color_name": "red", "image_url": "http://www.temptalia.com/wp-content/uploads/2014/10/nyx_wrath004-400x355.jpg", "price": "$6.00", "price_per_ounce": 40.0}, {"full_text": "Permanent. $6.00/0.15 oz.", "brand": "NYX", "name": "Trickery", "url": "http://www.temptalia.com/product/nyx-wicked-lippie/trickery", "review": "B+", "user_rating": "5", "permanence": "P", "rgb": [77, 26, 45], "color_name": "nude", "image_url": "http://www.temptalia.com/wp-content/uploads/2014/10/nyx_trickery004-400x355.jpg", "price": "$6.00", "price_per_ounce": 40.0}, {"full_text": "Permanent. $6.00/0.15 oz.", "brand": "NYX", "name": "Risque", "url": "http://www.temptalia.com/product/nyx-wicked-lippie/risque", "review": "A-", "user_rating": "5", "permanence": "P", "rgb": [11, 46, 61], "color_name": "green", "image_url": "http://www.temptalia.com/wp-content/uploads/2014/10/nyx_risque004-400x355.jpg", "price": "$6.00", "price_per_ounce": 40.0}, {"full_text": "Permanent. $6.00/0.15 oz.", "brand": "NYX", "name": "Scandalous", "url": "http://www.temptalia.com/product/nyx-wicked-lippie/scandalous", "review": "D+", "user_rating": "0", "permanence": "P", "rgb": [27, 126, 126], "color_name": "green", "image_url": "http://www.temptalia.com/wp-content/uploads/2014/10/nyx_scandalous004-400x355.jpg", "price": "$6.00", "price_per_ounce": 40.0}, {"full_text": "Limited Edition. $51.00/0.12 oz.", "brand": "Guerlain", "name": "Rouge Parade (820)", "url": "http://www.temptalia.com/product/guerlain-rouge-g-de-guerlain-lip-color/rouge-parade-820", "review": "A+", "user_rating": "5", "permanence": "LE", "rgb": [190, 18, 9], "color_name": "red", "image_url": "http://www.temptalia.com/wp-content/uploads/2014/10/guerlain_820rougeparade008-400x355.jpg", "price": "$51.00", "price_per_ounce": 425.0}, {"full_text": "Limited Edition. $17.00/0.10 oz.", "brand": "MAC", "name": "Tribalist", "url": "http://www.temptalia.com/product/mac-cosmetics-lipstick/tribalist", "review": "C", "user_rating": "0", "permanence": "LE", "rgb": [101, 23, 20], "color_name": "red", "image_url": "http://www.temptalia.com/wp-content/uploads/2014/10/mac_tribalist004-400x355.jpg", "price": "$17.00", "price_per_ounce": 170.0}, {"full_text": "Limited Edition. $17.00/0.10 oz.", "brand": "MAC", "name": "No Faux Pas", "url": "http://www.temptalia.com/product/mac-cosmetics-lipstick/no-faux-pas", "review": "A", "user_rating": "0", "permanence": "LE", "rgb": [221, 86, 19], "color_name": "fuchsia", "image_url": "http://www.temptalia.com/wp-content/uploads/2014/10/mac_nofauxpas004-400x355.jpg", "price": "$17.00", "price_per_ounce": 170.0}, {"full_text": "Limited Edition. $17.00/0.10 oz.", "brand": "MAC", "name": "Salon Rouge", "url": "http://www.temptalia.com/product/mac-cosmetics-lipstick/salon-rouge", "review": "A-", "user_rating": "5", "permanence": "LE", "rgb": [145, 22, 9], "color_name": "red", "image_url": "http://www.temptalia.com/wp-content/uploads/2014/10/mac_salonrouge004-400x355.jpg", "price": "$17.00", "price_per_ounce": 170.0}, {"full_text": "Limited Edition. $17.00/0.10 oz.", "brand": "MAC", "name": "Sparks of Romance", "url": "http://www.temptalia.com/product/mac-cosmetics-lipstick/sparks-of-romance", "review": "A-", "user_rating": "3", "permanence": "LE", "rgb": [184, 24, 16], "color_name": "red", "image_url": "http://www.temptalia.com/wp-content/uploads/2014/10/mac_sparksofromance004-400x355.jpg", "price": "$17.00", "price_per_ounce": 170.0}, {"full_text": "Permanent. $23.00/0.15 oz.", "brand": "MAC", "name": "Catharina", "url": "http://www.temptalia.com/product/mac-cosmetics-ultimate-lipstick/catharina", "review": "A-", "user_rating": "3", "permanence": "P", "rgb": [208, 78, 21], "color_name": "fuchsia", "image_url": "http://www.temptalia.com/wp-content/uploads/2014/09/mac_catharina004-400x355.jpg", "price": "$23.00", "price_per_ounce": 153.33333333333334}, {"full_text": "Permanent. $23.00/0.15 oz.", "brand": "MAC", "name": "Dangerously Chic", "url": "http://www.temptalia.com/product/mac-cosmetics-ultimate-lipstick/dangerously-chic", "review": "A", "user_rating": "0", "permanence": "P", "rgb": [161, 23, 16], "color_name": "red", "image_url": "http://www.temptalia.com/wp-content/uploads/2014/09/mac_dangerouslychic004-400x355.jpg", "price": "$23.00", "price_per_ounce": 153.33333333333334}, {"full_text": "Permanent. $23.00/0.15 oz.", "brand": "MAC", "name": "Vogue en Violet", "url": "http://www.temptalia.com/product/mac-cosmetics-ultimate-lipstick/vogue-en-violet", "review": "A-", "user_rating": "5", "permanence": "P", "rgb": [167, 95, 39], "color_name": "fuchsia", "image_url": "http://www.temptalia.com/wp-content/uploads/2014/09/mac_vogueenviolet004-400x355.jpg", "price": "$23.00", "price_per_ounce": 153.33333333333334}, {"full_text": "Limited Edition. $17.00/0.10 oz.", "brand": "MAC", "name": "Damn Glamorous", "url": "http://www.temptalia.com/product/mac-cosmetics-lipstick/damn-glamorous", "review": "A", "user_rating": "4", "permanence": "LE", "rgb": [204, 44, 22], "color_name": "pink", "image_url": "http://www.temptalia.com/wp-content/uploads/2014/09/mac_damnglamorous004-400x355.jpg", "price": "$17.00", "price_per_ounce": 170.0}, {"full_text": "Limited Edition. $17.00/0.10 oz.", "brand": "MAC", "name": "Fashion Revival", "url": "http://www.temptalia.com/product/mac-cosmetics-lipstick/fashion-revival", "review": "A-", "user_rating": "5", "permanence": "LE", "rgb": [146, 51, 15], "color_name": "fuchsia", "image_url": "http://www.temptalia.com/wp-content/uploads/2014/09/mac_fashionrevival004-400x355.jpg", "price": "$17.00", "price_per_ounce": 170.0}, {"full_text": "Limited Edition. $17.00/0.10 oz.", "brand": "MAC", "name": "La Vie En Rouge", "url": "http://www.temptalia.com/product/mac-cosmetics-lipstick/la-vie-en-rouge", "review": "A", "user_rating": "5", "permanence": "LE", "rgb": [226, 53, 33], "color_name": "pink", "image_url": "http://www.temptalia.com/wp-content/uploads/2014/09/mac_lavieenrouge004-400x355.jpg", "price": "$17.00", "price_per_ounce": 170.0}, {"full_text": "Limited Edition. $17.00/0.10 oz.", "brand": "MAC", "name": "Nouvelle Vogue", "url": "http://www.temptalia.com/product/mac-cosmetics-lipstick/nouvelle-vogue", "review": "A", "user_rating": "4", "permanence": "LE", "rgb": [205, 98, 70], "color_name": "pink", "image_url": "http://www.temptalia.com/wp-content/uploads/2014/09/mac_nouvellevogue004-400x355.jpg", "price": "$17.00", "price_per_ounce": 170.0}, {"full_text": "Limited Edition. $17.00/0.10 oz.", "brand": "MAC", "name": "Pander Me", "url": "http://www.temptalia.com/product/mac-cosmetics-lipstick/pander-me", "review": "A", "user_rating": "4", "permanence": "LE", "rgb": [203, 67, 85], "color_name": "pink", "image_url": "http://www.temptalia.com/wp-content/uploads/2014/09/mac_panderme004-400x355.jpg", "price": "$17.00", "price_per_ounce": 170.0}, {"full_text": "Limited Edition. $17.00/0.10 oz.", "brand": "MAC", "name": "Styled in Sepia", "url": "http://www.temptalia.com/product/mac-cosmetics-lipstick/styled-in-sepia", "review": "A-", "user_rating": "5", "permanence": "LE", "rgb": [156, 60, 79], "color_name": "nude", "image_url": "http://www.temptalia.com/wp-content/uploads/2014/09/mac_styledinsepia004-400x355.jpg", "price": "$17.00", "price_per_ounce": 170.0}, {"full_text": "Limited Edition. $17.00/0.10 oz.", "brand": "MAC", "name": "Living Legend", "url": "http://www.temptalia.com/product/mac-cosmetics-lipstick/living-legend", "review": "B+", "user_rating": "5", "permanence": "LE", "rgb": [65, 18, 13], "color_name": "burgundy", "image_url": "http://www.temptalia.com/wp-content/uploads/2014/09/mac_livinglegend004-400x355.jpg", "price": "$17.00", "price_per_ounce": 170.0}, {"full_text": "Limited Edition. $17.00/0.10 oz.", "brand": "MAC", "name": "Gospel", "url": "http://www.temptalia.com/product/mac-cosmetics-lipstick/gospel", "review": "B+", "user_rating": "0", "permanence": "LE", "rgb": [168, 40, 29], "color_name": "red", "image_url": "http://www.temptalia.com/wp-content/uploads/2014/09/mac_gospel004-400x355.jpg", "price": "$17.00", "price_per_ounce": 170.0}, {"full_text": "Limited Edition. $17.00/0.10 oz.", "brand": "MAC", "name": "Frank-n-furter", "url": "http://www.temptalia.com/product/mac-cosmetics-lipstick/frank-n-furter", "review": "A-", "user_rating": "3", "permanence": "LE", "rgb": [156, 17, 9], "color_name": "red", "image_url": "http://www.temptalia.com/wp-content/uploads/2014/09/mac_franknfurter004-400x355.jpg", "price": "$17.00", "price_per_ounce": 170.0}, {"full_text": "Limited Edition. $17.00/0.10 oz.", "brand": "MAC", "name": "Oblivion", "url": "http://www.temptalia.com/product/mac-cosmetics-lipstick/oblivion", "review": "A", "user_rating": "3", "permanence": "LE", "rgb": [198, 19, 2], "color_name": "red", "image_url": "http://www.temptalia.com/wp-content/uploads/2014/09/mac_oblivion004-400x355.jpg", "price": "$17.00", "price_per_ounce": 170.0}, {"full_text": "Limited Edition. $17.00/0.10 oz.", "brand": "MAC", "name": "Strange Journey", "url": "http://www.temptalia.com/product/mac-cosmetics-lipstick/strange-journey", "review": "A", "user_rating": "4", "permanence": "LE", "rgb": [205, 15, 27], "color_name": "pink", "image_url": "http://www.temptalia.com/wp-content/uploads/2014/09/mac_strangejourney004-400x355.jpg", "price": "$17.00", "price_per_ounce": 170.0}, {"full_text": "Limited Edition. $17.00/0.10 oz.", "brand": "MAC", "name": "Excite", "url": "http://www.temptalia.com/product/mac-cosmetics-lipstick/excite", "review": "A-", "user_rating": "0", "permanence": "LE", "rgb": [221, 37, 50], "color_name": "pink", "image_url": "http://www.temptalia.com/wp-content/uploads/2014/09/mac_excite008-400x355.jpg", "price": "$17.00", "price_per_ounce": 170.0}, {"full_text": "Limited Edition. $22.00/0.09 oz.", "brand": "Urban Decay", "name": "Ladyflower", "url": "http://www.temptalia.com/product/urban-decay-revolution-lipstick/ladyflower", "review": "A+", "user_rating": "5", "permanence": "LE", "rgb": [211, 103, 54], "color_name": "fuchsia", "image_url": "http://www.temptalia.com/wp-content/uploads/2014/09/urbandecay_fullfrontal008-400x355.jpg", "price": "$22.00", "price_per_ounce": 244.44444444444446}, {"full_text": "Limited Edition. $22.00/0.09 oz.", "brand": "Urban Decay", "name": "Illicit", "url": "http://www.temptalia.com/product/urban-decay-revolution-lipstick/illicit", "review": "B", "user_rating": "4", "permanence": "LE", "rgb": [200, 96, 84], "color_name": "pink", "image_url": "http://www.temptalia.com/wp-content/uploads/2014/09/urbandecay_fullfrontal014-400x355.jpg", "price": "$22.00", "price_per_ounce": 244.44444444444446}, {"full_text": "Limited Edition. $22.00/0.09 oz.", "brand": "Urban Decay", "name": "Crush", "url": "http://www.temptalia.com/product/urban-decay-revolution-lipstick/crush", "review": "A+", "user_rating": "5", "permanence": "LE", "rgb": [220, 94, 19], "color_name": "fuchsia", "image_url": "http://www.temptalia.com/wp-content/uploads/2014/09/urbandecay_fullfrontal020-400x355.jpg", "price": "$22.00", "price_per_ounce": 244.44444444444446}, {"full_text": "Permanent. $39.00/0.12 oz.", "brand": "Gucci Beauty", "name": "Hibiscus Thrill", "url": "http://www.temptalia.com/product/gucci-beauty-luxurious-moisture-rich-lipstick/hibiscus-thrill", "review": "-", "user_rating": "5", "permanence": "P", "rgb": [227, 72, 52], "color_name": "pink", "image_url": "http://www.temptalia.com/wp-content/uploads/2014/09/gucci_hibiscusthrill004-400x355.jpg", "price": "$39.00", "price_per_ounce": 325.0}, {"full_text": "Permanent. $39.00/0.12 oz.", "brand": "Gucci Beauty", "name": "Tiger Lily", "url": "http://www.temptalia.com/product/gucci-beauty-luxurious-moisture-rich-lipstick/tiger-lily", "review": "-", "user_rating": "5", "permanence": "P", "rgb": [142, 53, 14], "color_name": "fuchsia", "image_url": "http://www.temptalia.com/wp-content/uploads/2014/09/gucci_tigerlily004-400x355.jpg", "price": "$39.00", "price_per_ounce": 325.0}, {"full_text": "Permanent. $39.00/0.12 oz.", "brand": "Gucci Beauty", "name": "Bitter Grape", "url": "http://www.temptalia.com/product/gucci-beauty-audacious-color-intense-lipstick/bitter-grape", "review": "A-", "user_rating": "5", "permanence": "P", "rgb": [138, 44, 18], "color_name": "red", "image_url": "http://www.temptalia.com/wp-content/uploads/2014/09/gucci_bittergrape009-400x355.jpg", "price": "$39.00", "price_per_ounce": 325.0}, {"full_text": "Permanent. $39.00/0.12 oz.", "brand": "Gucci Beauty", "name": "Fever", "url": "http://www.temptalia.com/product/gucci-beauty-audacious-color-intense-lipstick/fever", "review": "B", "user_rating": "0", "permanence": "P", "rgb": [228, 71, 74], "color_name": "pink", "image_url": "http://www.temptalia.com/wp-content/uploads/2014/09/gucci_fever004-400x355.jpg", "price": "$39.00", "price_per_ounce": 325.0}, {"full_text": "Limited Edition. $22.00/0.11 oz.", "brand": "Too Faced", "name": "Shimmering Marshmallow Bunny", "url": "http://www.temptalia.com/product/too-faced-la-creme/shimmering-marshmallow-bunny", "review": "C+", "user_rating": "0", "permanence": "LE", "rgb": [210, 111, 111], "color_name": "pink", "image_url": "http://www.temptalia.com/wp-content/uploads/2014/09/toofaced_underthemistletoe017-400x355.jpg", "price": "$22.00", "price_per_ounce": 200.0}, {"full_text": "Limited Edition. $22.00/0.11 oz.", "brand": "Too Faced", "name": "Shimmering Spice Spice Baby", "url": "http://www.temptalia.com/product/too-faced-la-creme/shimmering-spice-spice-baby", "review": "B", "user_rating": "0", "permanence": "LE", "rgb": [196, 61, 61], "color_name": "pink", "image_url": "http://www.temptalia.com/wp-content/uploads/2014/09/toofaced_underthemistletoe023-400x355.jpg", "price": "$22.00", "price_per_ounce": 200.0}, {"full_text": "Limited Edition. $22.00/0.11 oz.", "brand": "Too Faced", "name": "Shimmering Naked Dolly", "url": "http://www.temptalia.com/product/too-faced-la-creme/shimmering-naked-dolly", "review": "C-", "user_rating": "0", "permanence": "LE", "rgb": [198, 98, 105], "color_name": "pink", "image_url": "http://www.temptalia.com/wp-content/uploads/2014/09/toofaced_underthemistletoe011-400x355.jpg", "price": "$22.00", "price_per_ounce": 200.0}, {"full_text": "Permanent. $26.00/0.12 oz.", "brand": "Bobbi Brown", "name": "Hot Berry", "url": "http://www.temptalia.com/product/bobbi-brown-lip-color/hot-berry", "review": "A-", "user_rating": "0", "permanence": "P", "rgb": [203, 62, 19], "color_name": "pink", "image_url": "http://www.temptalia.com/wp-content/uploads/2014/09/bobbibrown_hotberry004-400x355.jpg", "price": "$26.00", "price_per_ounce": 216.66666666666669}, {"full_text": "Permanent. $26.00/0.12 oz.", "brand": "Bobbi Brown", "name": "Lady Ruba", "url": "http://www.temptalia.com/product/bobbi-brown-lip-color/lady-ruba", "review": "A", "user_rating": "0", "permanence": "P", "rgb": [234, 37, 47], "color_name": "pink", "image_url": "http://www.temptalia.com/wp-content/uploads/2014/09/bobbibrown_ladyruba004-400x355.jpg", "price": "$26.00", "price_per_ounce": 216.66666666666669}, {"full_text": "Permanent. $26.00/0.12 oz.", "brand": "Bobbi Brown", "name": "Watermelon", "url": "http://www.temptalia.com/product/bobbi-brown-lip-color/watermelon", "review": "A", "user_rating": "5", "permanence": "P", "rgb": [232, 73, 44], "color_name": "pink", "image_url": "http://www.temptalia.com/wp-content/uploads/2014/09/bobbibrown_watermelon004-400x355.jpg", "price": "$26.00", "price_per_ounce": 216.66666666666669}, {"full_text": "Permanent. $26.00/0.12 oz.", "brand": "Bobbi Brown", "name": "Blush", "url": "http://www.temptalia.com/product/bobbi-brown-lip-color/blush", "review": "B", "user_rating": "0", "permanence": "P", "rgb": [207, 100, 106], "color_name": "pink", "image_url": "http://www.temptalia.com/wp-content/uploads/2014/09/bobbibrown_blush004-400x355.jpg", "price": "$26.00", "price_per_ounce": 216.66666666666669}, {"full_text": "Permanent. $26.00/0.12 oz.", "brand": "Bobbi Brown", "name": "Pink Kiss", "url": "http://www.temptalia.com/product/bobbi-brown-lip-color/pink-kiss", "review": "B+", "user_rating": "5", "permanence": "P", "rgb": [221, 113, 102], "color_name": "pink", "image_url": "http://www.temptalia.com/wp-content/uploads/2014/09/bobbibrown_pinkkiss004-400x355.jpg", "price": "$26.00", "price_per_ounce": 216.66666666666669}, {"full_text": "Permanent. $26.00/0.12 oz.", "brand": "Bobbi Brown", "name": "Pink Nectar", "url": "http://www.temptalia.com/product/bobbi-brown-lip-color/pink-nectar", "review": "A-", "user_rating": "0", "permanence": "P", "rgb": [218, 82, 82], "color_name": "pink", "image_url": "http://www.temptalia.com/wp-content/uploads/2014/09/bobbibrown_pinknectar004-400x355.jpg", "price": "$26.00", "price_per_ounce": 216.66666666666669}, {"full_text": "Permanent. $7.00/0.27 oz.", "brand": "Fyrinnae", "name": "Sexy Nerd", "url": "http://www.temptalia.com/product/fyrinnae-lip-lustre/sexy-nerd", "review": "A", "user_rating": "4", "permanence": "P", "rgb": [196, 87, 27], "color_name": "fuchsia", "image_url": "http://www.temptalia.com/wp-content/uploads/2014/09/fyrinnae_sexynerd004-400x355.jpg", "price": "$7.00", "price_per_ounce": 25.925925925925924}, {"full_text": "Limited Edition. $17.00/0.10 oz.", "brand": "MAC", "name": "Viva Glam Rihanna 2", "url": "http://www.temptalia.com/product/mac-cosmetics-lipstick/viva-glam-rihanna-2", "review": "B+", "user_rating": "5", "permanence": "LE", "rgb": [116, 39, 51], "color_name": "red", "image_url": "http://www.temptalia.com/wp-content/uploads/2014/09/mac_vivaglamrihanna2lipcombo003-400x355.jpg", "price": "$17.00", "price_per_ounce": 170.0}, {"full_text": "Permanent. $32.00/0.12 oz.", "brand": "Charlotte Tilbury", "name": "Bitch Perfect", "url": "http://www.temptalia.com/product/charlotte-tilbury-kissing-lipstick/bitch-perfect", "review": "A", "user_rating": "4", "permanence": "P", "rgb": [202, 80, 88], "color_name": "pink", "image_url": "http://www.temptalia.com/wp-content/uploads/2014/09/charlottetilbury_bitchperfect007-400x355.jpg", "price": "$32.00", "price_per_ounce": 266.6666666666667}, {"full_text": "Permanent. $32.00/0.12 oz.", "brand": "Charlotte Tilbury", "name": "Hepburn Honey", "url": "http://www.temptalia.com/product/charlotte-tilbury-kissing-lipstick/hepburn-honey", "review": "A", "user_rating": "5", "permanence": "P", "rgb": [204, 70, 92], "color_name": "pink", "image_url": "http://www.temptalia.com/wp-content/uploads/2014/11/charlottetilbury_hepburnhoney004-400x355.jpg", "price": "$32.00", "price_per_ounce": 266.6666666666667}, {"full_text": "Permanent. $32.00/0.12 oz.", "brand": "Charlotte Tilbury", "name": "Love Bite", "url": "http://www.temptalia.com/product/charlotte-tilbury-kissing-lipstick/love-bite", "review": "A", "user_rating": "0", "permanence": "P", "rgb": [209, 14, 11], "color_name": "pink", "image_url": "http://www.temptalia.com/wp-content/uploads/2014/11/charlottetilbury_lovebite004-400x355.jpg", "price": "$32.00", "price_per_ounce": 266.6666666666667}, {"full_text": "Discontinued. $17.00/0.10 oz.", "brand": "MAC", "name": "Icon", "url": "http://www.temptalia.com/product/mac-cosmetics-lipstick/icon", "review": "B", "user_rating": "4", "permanence": "DC", "rgb": [161, 67, 79], "color_name": "nude", "image_url": "http://www.temptalia.com/wp-content/uploads/2014/08/mac_icon004-400x355.jpg", "price": "$17.00", "price_per_ounce": 170.0}, {"full_text": "Permanent. $17.00/0.10 oz.", "brand": "MAC", "name": "Photo", "url": "http://www.temptalia.com/product/mac-cosmetics-lipstick/photo", "review": "A-", "user_rating": "4", "permanence": "P", "rgb": [157, 28, 55], "color_name": "orange", "image_url": "http://www.temptalia.com/wp-content/uploads/2014/08/mac_photo004-400x355.jpg", "price": "$17.00", "price_per_ounce": 170.0}, {"full_text": "Discontinued. $17.00/0.10 oz.", "brand": "MAC", "name": "Shitake", "url": "http://www.temptalia.com/product/mac-cosmetics-lipstick/shitake", "review": "B", "user_rating": "3", "permanence": "DC", "rgb": [190, 69, 94], "color_name": "nude", "image_url": "http://www.temptalia.com/wp-content/uploads/2014/08/mac_shitake004-400x355.jpg", "price": "$17.00", "price_per_ounce": 170.0}, {"full_text": "Limited Edition. $50.00/0.10 oz.", "brand": "Tom Ford Beauty", "name": "Negligee", "url": "http://www.temptalia.com/product/tom-ford-beauty-lip-color/negligee", "review": "A", "user_rating": "5", "permanence": "LE", "rgb": [198, 70, 69], "color_name": "pink", "image_url": "http://www.temptalia.com/wp-content/uploads/2014/08/tomford_negligee004-400x355.jpg", "price": "$50.00", "price_per_ounce": 500.0}, {"full_text": "Limited Edition. $50.00/0.10 oz.", "brand": "Tom Ford Beauty", "name": "Twist of Fate", "url": "http://www.temptalia.com/product/tom-ford-beauty-lip-color/twist-of-fate", "review": "A", "user_rating": "0", "permanence": "LE", "rgb": [224, 68, 79], "color_name": "pink", "image_url": "http://www.temptalia.com/wp-content/uploads/2014/08/tomford_twistoffate004-400x355.jpg", "price": "$50.00", "price_per_ounce": 500.0}, {"full_text": "Permanent. $32.00/0.14 oz.", "brand": "NARS", "name": "Silvia", "url": "http://www.temptalia.com/product/nars-cosmetics-audacious-lipstick/silvia", "review": "A", "user_rating": "4", "permanence": "P", "rgb": [198, 114, 50], "color_name": "fuchsia", "image_url": "http://www.temptalia.com/wp-content/uploads/2014/08/nars_silvia004-400x355.jpg", "price": "$32.00", "price_per_ounce": 228.57142857142856}, {"full_text": "Permanent. $32.00/0.14 oz.", "brand": "NARS", "name": "Vivien", "url": "http://www.temptalia.com/product/nars-cosmetics-audacious-lipstick/vivien", "review": "A", "user_rating": "5", "permanence": "P", "rgb": [171, 62, 40], "color_name": "pink", "image_url": "http://www.temptalia.com/wp-content/uploads/2014/08/nars_vivien004-400x355.jpg", "price": "$32.00", "price_per_ounce": 228.57142857142856}, {"full_text": "Permanent. $32.00/0.14 oz.", "brand": "NARS", "name": "Sandra", "url": "http://www.temptalia.com/product/nars-cosmetics-audacious-lipstick/sandra", "review": "A", "user_rating": "0", "permanence": "P", "rgb": [158, 17, 26], "color_name": "red", "image_url": "http://www.temptalia.com/wp-content/uploads/2014/08/nars_sandra004-400x355.jpg", "price": "$32.00", "price_per_ounce": 228.57142857142856}, {"full_text": "Permanent. $32.00/0.14 oz.", "brand": "NARS", "name": "Ingrid", "url": "http://www.temptalia.com/product/nars-cosmetics-audacious-lipstick/ingrid", "review": "B-", "user_rating": "5", "permanence": "P", "rgb": [80, 22, 14], "color_name": "burgundy", "image_url": "http://www.temptalia.com/wp-content/uploads/2014/08/nars_ingrid004-400x355.jpg", "price": "$32.00", "price_per_ounce": 228.57142857142856}, {"full_text": "Permanent. $32.00/0.14 oz.", "brand": "NARS", "name": "Jeanne", "url": "http://www.temptalia.com/product/nars-cosmetics-audacious-lipstick/jeanne", "review": "A", "user_rating": "0", "permanence": "P", "rgb": [129, 10, 20], "color_name": "red", "image_url": "http://www.temptalia.com/wp-content/uploads/2014/08/nars_jeanne004-400x355.jpg", "price": "$32.00", "price_per_ounce": 228.57142857142856}, {"full_text": "Permanent. $32.00/0.14 oz.", "brand": "NARS", "name": "Deborah", "url": "http://www.temptalia.com/product/nars-cosmetics-audacious-lipstick/deborah", "review": "A", "user_rating": "0", "permanence": "P", "rgb": [130, 16, 32], "color_name": "red", "image_url": "http://www.temptalia.com/wp-content/uploads/2014/08/nars_deborah004-400x355.jpg", "price": "$32.00", "price_per_ounce": 228.57142857142856}, {"full_text": "Permanent. $32.00/0.14 oz.", "brand": "NARS", "name": "Bette", "url": "http://www.temptalia.com/product/nars-cosmetics-audacious-lipstick/bette", "review": "B", "user_rating": "5", "permanence": "P", "rgb": [104, 16, 13], "color_name": "red", "image_url": "http://www.temptalia.com/wp-content/uploads/2014/08/nars_bette004-400x355.jpg", "price": "$32.00", "price_per_ounce": 228.57142857142856}, {"full_text": "Permanent. $32.00/0.14 oz.", "brand": "NARS", "name": "Liv", "url": "http://www.temptalia.com/product/nars-cosmetics-audacious-lipstick/liv", "review": "B", "user_rating": "4", "permanence": "P", "rgb": [81, 29, 19], "color_name": "burgundy", "image_url": "http://www.temptalia.com/wp-content/uploads/2014/08/nars_liv004-400x355.jpg", "price": "$32.00", "price_per_ounce": 228.57142857142856}, {"full_text": "Permanent. $32.00/0.14 oz.", "brand": "NARS", "name": "Vanessa", "url": "http://www.temptalia.com/product/nars-cosmetics-audacious-lipstick/vanessa", "review": "A", "user_rating": "5", "permanence": "P", "rgb": [205, 99, 93], "color_name": "pink", "image_url": "http://www.temptalia.com/wp-content/uploads/2014/08/nars_vanessa004-400x355.jpg", "price": "$32.00", "price_per_ounce": 228.57142857142856}, {"full_text": "Permanent. $32.00/0.14 oz.", "brand": "NARS", "name": "Julie", "url": "http://www.temptalia.com/product/nars-cosmetics-audacious-lipstick/julie", "review": "B+", "user_rating": "5", "permanence": "P", "rgb": [216, 95, 96], "color_name": "pink", "image_url": "http://www.temptalia.com/wp-content/uploads/2014/08/nars_julie004-400x355.jpg", "price": "$32.00", "price_per_ounce": 228.57142857142856}, {"full_text": "Permanent. $32.00/0.14 oz.", "brand": "NARS", "name": "Marisa", "url": "http://www.temptalia.com/product/nars-cosmetics-audacious-lipstick/marisa", "review": "A", "user_rating": "0", "permanence": "P", "rgb": [237, 130, 84], "color_name": "fuchsia", "image_url": "http://www.temptalia.com/wp-content/uploads/2014/08/nars_marisa004-400x355.jpg", "price": "$32.00", "price_per_ounce": 228.57142857142856}, {"full_text": "Permanent. $32.00/0.14 oz.", "brand": "NARS", "name": "Kelly", "url": "http://www.temptalia.com/product/nars-cosmetics-audacious-lipstick/kelly", "review": "A", "user_rating": "5", "permanence": "P", "rgb": [228, 64, 49], "color_name": "pink", "image_url": "http://www.temptalia.com/wp-content/uploads/2014/08/nars_kelly004-400x355.jpg", "price": "$32.00", "price_per_ounce": 228.57142857142856}, {"full_text": "Permanent. $32.00/0.14 oz.", "brand": "NARS", "name": "Carmen", "url": "http://www.temptalia.com/product/nars-cosmetics-audacious-lipstick/carmen", "review": "A", "user_rating": "0", "permanence": "P", "rgb": [223, 20, 22], "color_name": "pink", "image_url": "http://www.temptalia.com/wp-content/uploads/2014/08/nars_carmen004-400x355.jpg", "price": "$32.00", "price_per_ounce": 228.57142857142856}, {"full_text": "Permanent. $32.00/0.14 oz.", "brand": "NARS", "name": "Dominique", "url": "http://www.temptalia.com/product/nars-cosmetics-audacious-lipstick/dominique", "review": "A", "user_rating": "5", "permanence": "P", "rgb": [186, 128, 92], "color_name": "fuchsia", "image_url": "http://www.temptalia.com/wp-content/uploads/2014/08/nars_dominique004-400x355.jpg", "price": "$32.00", "price_per_ounce": 228.57142857142856}, {"full_text": "Permanent. $32.00/0.14 oz.", "brand": "NARS", "name": "Anita", "url": "http://www.temptalia.com/product/nars-cosmetics-audacious-lipstick/anita", "review": "A", "user_rating": "5", "permanence": "P", "rgb": [197, 91, 87], "color_name": "pink", "image_url": "http://www.temptalia.com/wp-content/uploads/2014/08/nars_anita004-400x355.jpg", "price": "$32.00", "price_per_ounce": 228.57142857142856}, {"full_text": "Permanent. $32.00/0.14 oz.", "brand": "NARS", "name": "Jane", "url": "http://www.temptalia.com/product/nars-cosmetics-audacious-lipstick/jane", "review": "A", "user_rating": "5", "permanence": "P", "rgb": [204, 54, 68], "color_name": "pink", "image_url": "http://www.temptalia.com/wp-content/uploads/2014/08/nars_jane004-400x355.jpg", "price": "$32.00", "price_per_ounce": 228.57142857142856}, {"full_text": "Permanent. $32.00/0.14 oz.", "brand": "NARS", "name": "Brigitte", "url": "http://www.temptalia.com/product/nars-cosmetics-audacious-lipstick/brigitte", "review": "A", "user_rating": "4", "permanence": "P", "rgb": [226, 104, 102], "color_name": "pink", "image_url": "http://www.temptalia.com/wp-content/uploads/2014/08/nars_brigitte004-400x355.jpg", "price": "$32.00", "price_per_ounce": 228.57142857142856}, {"full_text": "Permanent. $32.00/0.14 oz.", "brand": "NARS", "name": "Barbara", "url": "http://www.temptalia.com/product/nars-cosmetics-audacious-lipstick/barbara", "review": "A", "user_rating": "5", "permanence": "P", "rgb": [206, 98, 106], "color_name": "pink", "image_url": "http://www.temptalia.com/wp-content/uploads/2014/08/nars_barbara004-400x355.jpg", "price": "$32.00", "price_per_ounce": 228.57142857142856}, {"full_text": "Permanent. $32.00/0.14 oz.", "brand": "NARS", "name": "Raquel", "url": "http://www.temptalia.com/product/nars-cosmetics-audacious-lipstick/raquel", "review": "B", "user_rating": "4", "permanence": "P", "rgb": [227, 114, 125], "color_name": "pink", "image_url": "http://www.temptalia.com/wp-content/uploads/2014/08/nars_raquel004-400x355.jpg", "price": "$32.00", "price_per_ounce": 228.57142857142856}, {"full_text": "Permanent. $32.00/0.14 oz.", "brand": "NARS", "name": "Leslie", "url": "http://www.temptalia.com/product/nars-cosmetics-audacious-lipstick/leslie", "review": "A", "user_rating": "0", "permanence": "P", "rgb": [165, 26, 33], "color_name": "red", "image_url": "http://www.temptalia.com/wp-content/uploads/2014/08/nars_leslie004-400x355.jpg", "price": "$32.00", "price_per_ounce": 228.57142857142856}, {"full_text": "Permanent. $32.00/0.14 oz.", "brand": "NARS", "name": "Juliette", "url": "http://www.temptalia.com/product/nars-cosmetics-audacious-lipstick/juliette", "review": "A", "user_rating": "4", "permanence": "P", "rgb": [230, 76, 77], "color_name": "pink", "image_url": "http://www.temptalia.com/wp-content/uploads/2014/08/nars_juliette004-400x355.jpg", "price": "$32.00", "price_per_ounce": 228.57142857142856}, {"full_text": "Permanent. $32.00/0.14 oz.", "brand": "NARS", "name": "Natalie", "url": "http://www.temptalia.com/product/nars-cosmetics-audacious-lipstick/natalie", "review": "A", "user_rating": "5", "permanence": "P", "rgb": [230, 81, 64], "color_name": "pink", "image_url": "http://www.temptalia.com/wp-content/uploads/2014/08/nars_natalie004-400x355.jpg", "price": "$32.00", "price_per_ounce": 228.57142857142856}, {"full_text": "Permanent. $32.00/0.14 oz.", "brand": "NARS", "name": "Grace", "url": "http://www.temptalia.com/product/nars-cosmetics-audacious-lipstick/grace", "review": "A", "user_rating": "4", "permanence": "P", "rgb": [228, 55, 37], "color_name": "pink", "image_url": "http://www.temptalia.com/wp-content/uploads/2014/08/nars_grace004-400x355.jpg", "price": "$32.00", "price_per_ounce": 228.57142857142856}, {"full_text": "Permanent. $32.00/0.14 oz.", "brand": "NARS", "name": "Geraldine", "url": "http://www.temptalia.com/product/nars-cosmetics-audacious-lipstick/geraldine", "review": "A", "user_rating": "4", "permanence": "P", "rgb": [243, 31, 61], "color_name": "pink", "image_url": "http://www.temptalia.com/wp-content/uploads/2014/08/nars_geraldine004-400x355.jpg", "price": "$32.00", "price_per_ounce": 228.57142857142856}, {"full_text": "Permanent. $32.00/0.14 oz.", "brand": "NARS", "name": "Lana", "url": "http://www.temptalia.com/product/nars-cosmetics-audacious-lipstick/lana", "review": "A", "user_rating": "4", "permanence": "P", "rgb": [234, 23, 40], "color_name": "pink", "image_url": "http://www.temptalia.com/wp-content/uploads/2014/08/nars_lana004-400x355.jpg", "price": "$32.00", "price_per_ounce": 228.57142857142856}, {"full_text": "Permanent. $32.00/0.14 oz.", "brand": "NARS", "name": "Annabella", "url": "http://www.temptalia.com/product/nars-cosmetics-audacious-lipstick/annabella", "review": "A", "user_rating": "4", "permanence": "P", "rgb": [213, 24, 24], "color_name": "pink", "image_url": "http://www.temptalia.com/wp-content/uploads/2014/08/nars_annabella004-400x355.jpg", "price": "$32.00", "price_per_ounce": 228.57142857142856}, {"full_text": "Permanent. $32.00/0.14 oz.", "brand": "NARS", "name": "Rita", "url": "http://www.temptalia.com/product/nars-cosmetics-audacious-lipstick/rita", "review": "A", "user_rating": "0", "permanence": "P", "rgb": [199, 23, 26], "color_name": "pink", "image_url": "http://www.temptalia.com/wp-content/uploads/2014/08/nars_rita004-400x355.jpg", "price": "$32.00", "price_per_ounce": 228.57142857142856}, {"full_text": "Permanent. $32.00/0.14 oz.", "brand": "NARS", "name": "Marlene", "url": "http://www.temptalia.com/product/nars-cosmetics-audacious-lipstick/marlene", "review": "A", "user_rating": "4", "permanence": "P", "rgb": [209, 16, 30], "color_name": "pink", "image_url": "http://www.temptalia.com/wp-content/uploads/2014/08/nars_marlene004-400x355.jpg", "price": "$32.00", "price_per_ounce": 228.57142857142856}, {"full_text": "Permanent. $32.00/0.14 oz.", "brand": "NARS", "name": "Olivia", "url": "http://www.temptalia.com/product/nars-cosmetics-audacious-lipstick/olivia", "review": "A-", "user_rating": "4", "permanence": "P", "rgb": [168, 13, 23], "color_name": "red", "image_url": "http://www.temptalia.com/wp-content/uploads/2014/08/nars_olivia004-400x355.jpg", "price": "$32.00", "price_per_ounce": 228.57142857142856}, {"full_text": "Permanent. $32.00/0.14 oz.", "brand": "NARS", "name": "Claudia", "url": "http://www.temptalia.com/product/nars-cosmetics-audacious-lipstick/claudia", "review": "A", "user_rating": "0", "permanence": "P", "rgb": [248, 158, 105], "color_name": "fuchsia", "image_url": "http://www.temptalia.com/wp-content/uploads/2014/08/nars_claudia004-400x355.jpg", "price": "$32.00", "price_per_ounce": 228.57142857142856}, {"full_text": "Permanent. $32.00/0.14 oz.", "brand": "NARS", "name": "Michiyo", "url": "http://www.temptalia.com/product/nars-cosmetics-audacious-lipstick/michiyo", "review": "A", "user_rating": "2", "permanence": "P", "rgb": [224, 112, 39], "color_name": "fuchsia", "image_url": "http://www.temptalia.com/wp-content/uploads/2014/08/nars_michiyo004-400x355.jpg", "price": "$32.00", "price_per_ounce": 228.57142857142856}, {"full_text": "Permanent. $32.00/0.14 oz.", "brand": "NARS", "name": "Greta", "url": "http://www.temptalia.com/product/nars-cosmetics-audacious-lipstick/greta", "review": "A", "user_rating": "0", "permanence": "P", "rgb": [230, 68, 22], "color_name": "pink", "image_url": "http://www.temptalia.com/wp-content/uploads/2014/08/nars_greta004-400x355.jpg", "price": "$32.00", "price_per_ounce": 228.57142857142856}, {"full_text": "Permanent. $32.00/0.14 oz.", "brand": "NARS", "name": "Angela", "url": "http://www.temptalia.com/product/nars-cosmetics-audacious-lipstick/angela", "review": "A", "user_rating": "0", "permanence": "P", "rgb": [219, 139, 68], "color_name": "fuchsia", "image_url": "http://www.temptalia.com/wp-content/uploads/2014/08/nars_angela004-400x355.jpg", "price": "$32.00", "price_per_ounce": 228.57142857142856}, {"full_text": "Permanent. $32.00/0.14 oz.", "brand": "NARS", "name": "Janet", "url": "http://www.temptalia.com/product/nars-cosmetics-audacious-lipstick/janet", "review": "A", "user_rating": "5", "permanence": "P", "rgb": [186, 64, 15], "color_name": "fuchsia", "image_url": "http://www.temptalia.com/wp-content/uploads/2014/08/nars_janet004-400x355.jpg", "price": "$32.00", "price_per_ounce": 228.57142857142856}, {"full_text": "Permanent. $32.00/0.14 oz.", "brand": "NARS", "name": "Fanny", "url": "http://www.temptalia.com/product/nars-cosmetics-audacious-lipstick/fanny", "review": "A", "user_rating": "4", "permanence": "P", "rgb": [186, 68, 17], "color_name": "fuchsia", "image_url": "http://www.temptalia.com/wp-content/uploads/2014/08/nars_fanny004-400x355.jpg", "price": "$32.00", "price_per_ounce": 228.57142857142856}, {"full_text": "Permanent. $32.00/0.14 oz.", "brand": "NARS", "name": "Vera", "url": "http://www.temptalia.com/product/nars-cosmetics-audacious-lipstick/vera", "review": "A", "user_rating": "4", "permanence": "P", "rgb": [180, 47, 17], "color_name": "red", "image_url": "http://www.temptalia.com/wp-content/uploads/2014/08/nars_vera004-400x355.jpg", "price": "$32.00", "price_per_ounce": 228.57142857142856}, {"full_text": "Permanent. $32.00/0.14 oz.", "brand": "NARS", "name": "Charlotte", "url": "http://www.temptalia.com/product/nars-cosmetics-audacious-lipstick/charlotte", "review": "A-", "user_rating": "5", "permanence": "P", "rgb": [144, 19, 12], "color_name": "red", "image_url": "http://www.temptalia.com/wp-content/uploads/2014/08/nars_charlotte004-400x355.jpg", "price": "$32.00", "price_per_ounce": 228.57142857142856}, {"full_text": "Permanent. $32.00/0.14 oz.", "brand": "NARS", "name": "Audrey", "url": "http://www.temptalia.com/product/nars-cosmetics-audacious-lipstick/audrey", "review": "A", "user_rating": "0", "permanence": "P", "rgb": [179, 47, 33], "color_name": "pink", "image_url": "http://www.temptalia.com/wp-content/uploads/2014/08/nars_audrey004-400x355.jpg", "price": "$32.00", "price_per_ounce": 228.57142857142856}, {"full_text": "Permanent. $32.00/0.14 oz.", "brand": "NARS", "name": "Anna", "url": "http://www.temptalia.com/product/nars-cosmetics-audacious-lipstick/anna", "review": "B+", "user_rating": "4", "permanence": "P", "rgb": [201, 105, 83], "color_name": "pink", "image_url": "http://www.temptalia.com/wp-content/uploads/2014/08/nars_anna004-400x355.jpg", "price": "$32.00", "price_per_ounce": 228.57142857142856}, {"full_text": "Permanent. $32.00/0.14 oz.", "brand": "NARS", "name": "Catherine", "url": "http://www.temptalia.com/product/nars-cosmetics-audacious-lipstick/catherine", "review": "A", "user_rating": "0", "permanence": "P", "rgb": [241, 60, 79], "color_name": "pink", "image_url": "http://www.temptalia.com/wp-content/uploads/2014/08/nars_catherine004-400x355.jpg", "price": "$32.00", "price_per_ounce": 228.57142857142856}, {"full_text": "Permanent. $18.00/0.33 oz.", "brand": "Obsessive Compulsive Cosmetics", "name": "Lament", "url": "http://www.temptalia.com/product/occ-makeup-lip-tar/lament", "review": "A", "user_rating": "0", "permanence": "P", "rgb": [237, 117, 138], "color_name": "orange", "image_url": "http://www.temptalia.com/wp-content/uploads/2014/08/occ_lament004-400x355.jpg", "price": "$18.00", "price_per_ounce": 54.54545454545454}, {"full_text": "Permanent. $18.00/0.33 oz.", "brand": "Obsessive Compulsive Cosmetics", "name": "Covet", "url": "http://www.temptalia.com/product/occ-makeup-lip-tar/covet", "review": "A-", "user_rating": "0", "permanence": "P", "rgb": [219, 81, 126], "color_name": "orange", "image_url": "http://www.temptalia.com/wp-content/uploads/2014/08/occ_covet004-400x355.jpg", "price": "$18.00", "price_per_ounce": 54.54545454545454}, {"full_text": "Permanent. $18.00/0.33 oz.", "brand": "Obsessive Compulsive Cosmetics", "name": "Manhunter", "url": "http://www.temptalia.com/product/occ-makeup-metallic-lip-tar/manhunter", "review": "A", "user_rating": "0", "permanence": "P", "rgb": [223, 26, 33], "color_name": "pink", "image_url": "http://www.temptalia.com/wp-content/uploads/2014/08/occ_manhunter004-400x355.jpg", "price": "$18.00", "price_per_ounce": 54.54545454545454}, {"full_text": "Permanent. $37.00/0.12 oz.", "brand": "Guerlain", "name": "Red Strass (327)", "url": "http://www.temptalia.com/product/guerlain-kisskiss-lipstick/red-strass-327", "review": "A", "user_rating": "5", "permanence": "P", "rgb": [198, 34, 25], "color_name": "pink", "image_url": "http://www.temptalia.com/wp-content/uploads/2014/08/guerlain_327redstrass004-400x355.jpg", "price": "$37.00", "price_per_ounce": 308.33333333333337}, {"full_text": "Permanent. $37.00/0.12 oz.", "brand": "Guerlain", "name": "Red Hot (328)", "url": "http://www.temptalia.com/product/guerlain-kisskiss-lipstick/red-hot-328", "review": "A-", "user_rating": "0", "permanence": "P", "rgb": [181, 36, 23], "color_name": "red", "image_url": "http://www.temptalia.com/wp-content/uploads/2014/08/guerlain_328redhot004-400x355.jpg", "price": "$37.00", "price_per_ounce": 308.33333333333337}, {"full_text": "Permanent. $37.00/0.12 oz.", "brand": "Guerlain", "name": "Forever Brown (305)", "url": "http://www.temptalia.com/product/guerlain-kisskiss-lipstick/forever-brown-305", "review": "A", "user_rating": "0", "permanence": "P", "rgb": [169, 37, 44], "color_name": "pink", "image_url": "http://www.temptalia.com/wp-content/uploads/2014/08/guerlain_305foreverbrown004-400x355.jpg", "price": "$37.00", "price_per_ounce": 308.33333333333337}, {"full_text": "Permanent. $37.00/0.12 oz.", "brand": "Guerlain", "name": "Rouge Kiss (325)", "url": "http://www.temptalia.com/product/guerlain-kisskiss-lipstick/rouge-kiss-325", "review": "A", "user_rating": "5", "permanence": "P", "rgb": [215, 47, 40], "color_name": "pink", "image_url": "http://www.temptalia.com/wp-content/uploads/2014/08/guerlain_325rougekiss004-400x355.jpg", "price": "$37.00", "price_per_ounce": 308.33333333333337}, {"full_text": "Permanent. $37.00/0.12 oz.", "brand": "Guerlain", "name": "Air Kiss (304)", "url": "http://www.temptalia.com/product/guerlain-kisskiss-lipstick/air-kiss-304", "review": "A-", "user_rating": "5", "permanence": "P", "rgb": [165, 51, 52], "color_name": "pink", "image_url": "http://www.temptalia.com/wp-content/uploads/2014/08/guerlain_304airkiss004-400x355.jpg", "price": "$37.00", "price_per_ounce": 308.33333333333337}, {"full_text": "Permanent. $37.00/0.12 oz.", "brand": "Guerlain", "name": "Rosy Boop (369)", "url": "http://www.temptalia.com/product/guerlain-kisskiss-lipstick/rosy-boop-369", "review": "A-", "user_rating": "5", "permanence": "P", "rgb": [211, 99, 93], "color_name": "pink", "image_url": "http://www.temptalia.com/wp-content/uploads/2014/08/guerlain_369rosyboop004-400x355.jpg", "price": "$37.00", "price_per_ounce": 308.33333333333337}, {"full_text": "Permanent. $37.00/0.12 oz.", "brand": "Guerlain", "name": "Very Pink (360)", "url": "http://www.temptalia.com/product/guerlain-kisskiss-lipstick/very-pink-360", "review": "A-", "user_rating": "4", "permanence": "P", "rgb": [220, 79, 37], "color_name": "pink", "image_url": "http://www.temptalia.com/wp-content/uploads/2014/08/guerlain_360verypink004-400x355.jpg", "price": "$37.00", "price_per_ounce": 308.33333333333337}, {"full_text": "Limited Edition. $17.00/0.10 oz.", "brand": "MAC", "name": "Myself", "url": "http://www.temptalia.com/product/mac-cosmetics-lipstick/myself", "review": "C+", "user_rating": "4", "permanence": "LE", "rgb": [202, 103, 112], "color_name": "pink", "image_url": "http://www.temptalia.com/wp-content/uploads/2014/07/mac_myself004-400x355.jpg", "price": "$17.00", "price_per_ounce": 170.0}, {"full_text": "Limited Edition. $17.00/0.10 oz.", "brand": "MAC", "name": "A Novel Romance", "url": "http://www.temptalia.com/product/mac-cosmetics-lipstick/a-novel-romance", "review": "A-", "user_rating": "0", "permanence": "LE", "rgb": [225, 154, 129], "color_name": "fuchsia", "image_url": "http://www.temptalia.com/wp-content/uploads/2014/07/mac_anovelromance004-400x355.jpg", "price": "$17.00", "price_per_ounce": 170.0}, {"full_text": "Limited Edition. $17.00/0.10 oz.", "brand": "MAC", "name": "Good Kisser", "url": "http://www.temptalia.com/product/mac-cosmetics-lipstick/good-kisser", "review": "A", "user_rating": "4", "permanence": "LE", "rgb": [242, 95, 39], "color_name": "fuchsia", "image_url": "http://www.temptalia.com/wp-content/uploads/2014/07/mac_goodkisser004-400x355.jpg", "price": "$17.00", "price_per_ounce": 170.0}, {"full_text": "Limited Edition. $17.00/0.10 oz.", "brand": "MAC", "name": "Hearts Aflame", "url": "http://www.temptalia.com/product/mac-cosmetics-lipstick/hearts-aflame", "review": "A", "user_rating": "5", "permanence": "LE", "rgb": [142, 22, 20], "color_name": "red", "image_url": "http://www.temptalia.com/wp-content/uploads/2014/07/mac_heartsaflame004-400x355.jpg", "price": "$17.00", "price_per_ounce": 170.0}, {"full_text": "Limited Edition. $17.00/0.10 oz.", "brand": "MAC", "name": "Lingering Kiss", "url": "http://www.temptalia.com/product/mac-cosmetics-lipstick/lingering-kiss", "review": "B", "user_rating": "5", "permanence": "LE", "rgb": [74, 17, 17], "color_name": "burgundy", "image_url": "http://www.temptalia.com/wp-content/uploads/2014/07/mac_lingeringkiss004-400x355.jpg", "price": "$17.00", "price_per_ounce": 170.0}, {"full_text": "Limited Edition. $17.00/0.10 oz.", "brand": "MAC", "name": "Yield to Love", "url": "http://www.temptalia.com/product/mac-cosmetics-lipstick/yield-to-love", "review": "A", "user_rating": "4", "permanence": "LE", "rgb": [193, 71, 46], "color_name": "pink", "image_url": "http://www.temptalia.com/wp-content/uploads/2014/07/mac_yieldtolove004-400x355.jpg", "price": "$17.00", "price_per_ounce": 170.0}, {"full_text": "Limited Edition. $22.00/0.14 oz.", "brand": "MAC", "name": "Style Approved", "url": "http://www.temptalia.com/product/mac-cosmetics-mineralize-rich-lipstick/style-approved", "review": "A-", "user_rating": "3", "permanence": "LE", "rgb": [232, 69, 93], "color_name": "pink", "image_url": "http://www.temptalia.com/wp-content/uploads/2014/07/mac_styleapproved004-400x355.jpg", "price": "$22.00", "price_per_ounce": 157.14285714285714}, {"full_text": "Limited Edition. $22.00/0.14 oz.", "brand": "MAC", "name": "Tropical Buzz", "url": "http://www.temptalia.com/product/mac-cosmetics-mineralize-rich-lipstick/tropical-buzz", "review": "B-", "user_rating": "0", "permanence": "LE", "rgb": [228, 48, 109], "color_name": "orange", "image_url": "http://www.temptalia.com/wp-content/uploads/2014/07/mac_tropicalbuzz004-400x355.jpg", "price": "$22.00", "price_per_ounce": 157.14285714285714}, {"full_text": "Limited Edition. $22.00/0.14 oz.", "brand": "MAC", "name": "Wear with Flare", "url": "http://www.temptalia.com/product/mac-cosmetics-mineralize-rich-lipstick/wear-with-flare", "review": "C+", "user_rating": "0", "permanence": "LE", "rgb": [218, 96, 112], "color_name": "pink", "image_url": "http://www.temptalia.com/wp-content/uploads/2014/07/mac_wearwithflare004-400x355.jpg", "price": "$22.00", "price_per_ounce": 157.14285714285714}, {"full_text": "Permanent. $18.00/0.33 oz.", "brand": "Obsessive Compulsive Cosmetics", "name": "Pagan", "url": "http://www.temptalia.com/product/occ-makeup-lip-tar/pagan", "review": "C+", "user_rating": "0", "permanence": "P", "rgb": [34, 41, 15], "color_name": "purple", "image_url": "http://www.temptalia.com/wp-content/uploads/2014/07/occ_pagan004-400x355.jpg", "price": "$18.00", "price_per_ounce": 54.54545454545454}, {"full_text": "Permanent. $18.00/0.33 oz.", "brand": "Obsessive Compulsive Cosmetics", "name": "Vain", "url": "http://www.temptalia.com/product/occ-makeup-lip-tar/vain", "review": "B", "user_rating": "0", "permanence": "P", "rgb": [3, 68, 31], "color_name": "blue", "image_url": "http://www.temptalia.com/wp-content/uploads/2014/07/occ_vain004-400x355.jpg", "price": "$18.00", "price_per_ounce": 54.54545454545454}, {"full_text": "Limited Edition. $22.00/0.14 oz.", "brand": "MAC", "name": "Fashion Trip", "url": "http://www.temptalia.com/product/mac-cosmetics-mineralize-rich-lipstick/fashion-trip", "review": "A", "user_rating": "0", "permanence": "LE", "rgb": [221, 41, 48], "color_name": "pink", "image_url": "http://www.temptalia.com/wp-content/uploads/2014/07/mac_fashiontrip004-400x355.jpg", "price": "$22.00", "price_per_ounce": 157.14285714285714}, {"full_text": "Limited Edition. $22.00/0.14 oz.", "brand": "MAC", "name": "Love Temple", "url": "http://www.temptalia.com/product/mac-cosmetics-mineralize-rich-lipstick/love-temple", "review": "A", "user_rating": "0", "permanence": "LE", "rgb": [230, 71, 60], "color_name": "pink", "image_url": "http://www.temptalia.com/wp-content/uploads/2014/07/mac_lovetemple004-400x355.jpg", "price": "$22.00", "price_per_ounce": 157.14285714285714}, {"full_text": "Limited Edition. $22.00/0.14 oz.", "brand": "MAC", "name": "Dream Daze", "url": "http://www.temptalia.com/product/mac-cosmetics-mineralize-rich-lipstick/dream-daze", "review": "A-", "user_rating": "0", "permanence": "LE", "rgb": [228, 115, 118], "color_name": "pink", "image_url": "http://www.temptalia.com/wp-content/uploads/2014/07/mac_dreamdaze004-400x355.jpg", "price": "$22.00", "price_per_ounce": 157.14285714285714}, {"full_text": "Limited Edition. $17.00/0.10 oz.", "brand": "MAC", "name": "Dress to Impress", "url": "http://www.temptalia.com/product/mac-cosmetics-lipstick/dress-to-impress", "review": "-", "user_rating": "0", "permanence": "LE", "rgb": [219, 151, 129], "color_name": "pink", "image_url": "http://www.temptalia.com/wp-content/uploads/2014/07/mac_allaboutplumbox017-400x355.jpg", "price": "$17.00", "price_per_ounce": 170.0}, {"full_text": "Limited Edition. $17.00/0.10 oz.", "brand": "MAC", "name": "What's Haute?", "url": "http://www.temptalia.com/product/mac-cosmetics-lipstick/whats-haute", "review": "C+", "user_rating": "0", "permanence": "LE", "rgb": [229, 134, 147], "color_name": "pink", "image_url": "http://www.temptalia.com/wp-content/uploads/2014/07/mac_allaboutbeigebox017-400x355.jpg", "price": "$17.00", "price_per_ounce": 170.0}, {"full_text": "Limited Edition. $17.00/0.10 oz.", "brand": "MAC", "name": "Modern Wow!", "url": "http://www.temptalia.com/product/mac-cosmetics-lipstick/modern-wow", "review": "B+", "user_rating": "0", "permanence": "LE", "rgb": [246, 101, 103], "color_name": "pink", "image_url": "http://www.temptalia.com/wp-content/uploads/2014/07/mac_allaboutbeigebox031-400x355.jpg", "price": "$17.00", "price_per_ounce": 170.0}, {"full_text": "Limited Edition. $36.00/0.12 oz.", "brand": "Givenchy", "name": "Rose Plumetis (207)", "url": "http://www.temptalia.com/product/givenchy-le-rouge-intense-color-sensuously-matte-lipstick/rose-plumetis-207", "review": "A", "user_rating": "4", "permanence": "LE", "rgb": [197, 87, 74], "color_name": "pink", "image_url": "http://www.temptalia.com/wp-content/uploads/2014/07/givenchy_207roseplumetis005-400x355.jpg", "price": "$36.00", "price_per_ounce": 300.0}, {"full_text": "Limited Edition. $36.00/0.12 oz.", "brand": "Givenchy", "name": "Framboise Velours (315)", "url": "http://www.temptalia.com/product/givenchy-le-rouge-intense-color-sensuously-matte-lipstick/framboise-velours-315", "review": "A", "user_rating": "4", "permanence": "LE", "rgb": [193, 66, 29], "color_name": "pink", "image_url": "http://www.temptalia.com/wp-content/uploads/2014/07/givenchy_315framboisevelours004-400x355.jpg", "price": "$36.00", "price_per_ounce": 300.0}, {"full_text": "Limited Edition. $22.00/0.14 oz.", "brand": "MAC", "name": "Boutique Pink", "url": "http://www.temptalia.com/product/mac-cosmetics-mineralize-rich-lipstick/boutique-pink", "review": "B", "user_rating": "0", "permanence": "LE", "rgb": [222, 120, 67], "color_name": "fuchsia", "image_url": "http://www.temptalia.com/wp-content/uploads/2014/07/mac_boutiquepink004-400x355.jpg", "price": "$22.00", "price_per_ounce": 157.14285714285714}, {"full_text": "Limited Edition. $22.00/0.14 oz.", "brand": "MAC", "name": "Ladies Who Lunch", "url": "http://www.temptalia.com/product/mac-cosmetics-mineralize-rich-lipstick/ladies-who-lunch", "review": "C+", "user_rating": "0", "permanence": "LE", "rgb": [233, 157, 127], "color_name": "fuchsia", "image_url": "http://www.temptalia.com/wp-content/uploads/2014/07/mac_ladieswholunch004-400x355.jpg", "price": "$22.00", "price_per_ounce": 157.14285714285714}, {"full_text": "Limited Edition. $22.00/0.14 oz.", "brand": "MAC", "name": "Splurge", "url": "http://www.temptalia.com/product/mac-cosmetics-mineralize-rich-lipstick/splurge", "review": "A-", "user_rating": "5", "permanence": "LE", "rgb": [193, 71, 39], "color_name": "pink", "image_url": "http://www.temptalia.com/wp-content/uploads/2014/07/mac_splurge004-400x355.jpg", "price": "$22.00", "price_per_ounce": 157.14285714285714}, {"full_text": "Permanent. $18.00/0.33 oz.", "brand": "Obsessive Compulsive Cosmetics", "name": "Technopagan", "url": "http://www.temptalia.com/product/occ-makeup-metallic-lip-tar/technopagan", "review": "A", "user_rating": "5", "permanence": "P", "rgb": [18, 65, 11], "color_name": "blue", "image_url": "http://www.temptalia.com/wp-content/uploads/2014/07/occ_technopagan004-400x355.jpg", "price": "$18.00", "price_per_ounce": 54.54545454545454}, {"full_text": "Limited Edition. $17.00/0.10 oz.", "brand": "MAC", "name": "Passion Charge", "url": "http://www.temptalia.com/product/mac-cosmetics-lipstick/passion-charge", "review": "C+", "user_rating": "5", "permanence": "LE", "rgb": [232, 103, 109], "color_name": "pink", "image_url": "http://www.temptalia.com/wp-content/uploads/2014/07/mac_allaboutcoralbox008-400x355.jpg", "price": "$17.00", "price_per_ounce": 170.0}, {"full_text": "Permanent. $21.00/0.40 oz.", "brand": "Too Faced", "name": "Melted Candy", "url": "http://www.temptalia.com/product/too-faced-melted-liquified-long-wear-lipstick/melted-candy", "review": "A+", "user_rating": "4", "permanence": "P", "rgb": [250, 87, 15], "color_name": "fuchsia", "image_url": "http://www.temptalia.com/wp-content/uploads/2014/07/toofaced_meltedcandy004-400x355.jpg", "price": "$21.00", "price_per_ounce": 52.5}, {"full_text": "Limited Edition. $17.00/0.10 oz.", "brand": "MAC", "name": "Soft Savour", "url": "http://www.temptalia.com/product/mac-cosmetics-lipstick/soft-savour", "review": "B", "user_rating": "5", "permanence": "LE", "rgb": [210, 112, 110], "color_name": "pink", "image_url": "http://www.temptalia.com/wp-content/uploads/2014/07/mac_allaboutnudebox008-400x355.jpg", "price": "$17.00", "price_per_ounce": 170.0}, {"full_text": "Permanent. $21.00/0.10 oz.", "brand": "Kat Von D", "name": "L'Ecole des Femmes", "url": "http://www.temptalia.com/product/kat-von-d-studded-kiss-lipstick/lecole-des-femmes", "review": "B", "user_rating": "5", "permanence": "P", "rgb": [238, 81, 74], "color_name": "pink", "image_url": "http://www.temptalia.com/wp-content/uploads/2014/07/katvond_lecoledesfemmes004-400x355.jpg", "price": "$21.00", "price_per_ounce": 210.0}, {"full_text": "Permanent. $21.00/0.10 oz.", "brand": "Kat Von D", "name": "Countess", "url": "http://www.temptalia.com/product/kat-von-d-studded-kiss-lipstick/countess", "review": "B+", "user_rating": "3", "permanence": "P", "rgb": [217, 18, 30], "color_name": "pink", "image_url": "http://www.temptalia.com/wp-content/uploads/2014/10/katvond_studdedkisset032-400x355.jpg", "price": "$21.00", "price_per_ounce": 210.0}, {"full_text": "Permanent. $21.00/0.10 oz.", "brand": "Kat Von D", "name": "Adora", "url": "http://www.temptalia.com/product/kat-von-d-studded-kiss-lipstick/adora", "review": "A", "user_rating": "4", "permanence": "P", "rgb": [194, 38, 40], "color_name": "pink", "image_url": "http://www.temptalia.com/wp-content/uploads/2014/07/katvond_adora004-400x355.jpg", "price": "$21.00", "price_per_ounce": 210.0}, {"full_text": "Permanent. $21.00/0.10 oz.", "brand": "Kat Von D", "name": "Hexagram", "url": "http://www.temptalia.com/product/kat-von-d-studded-kiss-lipstick/hexagram", "review": "B", "user_rating": "3", "permanence": "P", "rgb": [177, 17, 12], "color_name": "red", "image_url": "http://www.temptalia.com/wp-content/uploads/2014/10/katvond_studdedkisset042-400x355.jpg", "price": "$21.00", "price_per_ounce": 210.0}, {"full_text": "Permanent. $21.00/0.10 oz.", "brand": "Kat Von D", "name": "Hellbent", "url": "http://www.temptalia.com/product/kat-von-d-studded-kiss-lipstick/hellbent", "review": "B", "user_rating": "0", "permanence": "P", "rgb": [199, 37, 24], "color_name": "pink", "image_url": "http://www.temptalia.com/wp-content/uploads/2014/08/katvond_hellbent004-400x355.jpg", "price": "$21.00", "price_per_ounce": 210.0}, {"full_text": "Permanent. $21.00/0.10 oz.", "brand": "Kat Von D", "name": "Bachelorette", "url": "http://www.temptalia.com/product/kat-von-d-studded-kiss-lipstick/bachelorette", "review": "B-", "user_rating": "3", "permanence": "P", "rgb": [184, 45, 23], "color_name": "pink", "image_url": "http://www.temptalia.com/wp-content/uploads/2015/09/katvond_mividalocalipset036-400x355.jpg", "price": "$21.00", "price_per_ounce": 210.0}, {"full_text": "Permanent. $21.00/0.10 oz.", "brand": "Kat Von D", "name": "Backstage Bambi", "url": "http://www.temptalia.com/product/kat-von-d-studded-kiss-lipstick/backstage-bambi", "review": "B+", "user_rating": "0", "permanence": "P", "rgb": [234, 134, 60], "color_name": "fuchsia", "image_url": "http://www.temptalia.com/wp-content/uploads/2014/08/katvond_backstagebambi004-400x355.jpg", "price": "$21.00", "price_per_ounce": 210.0}, {"full_text": "Permanent. $21.00/0.10 oz.", "brand": "Kat Von D", "name": "Sexer", "url": "http://www.temptalia.com/product/kat-von-d-studded-kiss-lipstick/sexer", "review": "B-", "user_rating": "4", "permanence": "P", "rgb": [196, 79, 19], "color_name": "fuchsia", "image_url": "http://www.temptalia.com/wp-content/uploads/2015/09/katvond_mividalocalipset024-400x355.jpg", "price": "$21.00", "price_per_ounce": 210.0}, {"full_text": "Permanent. $21.00/0.10 oz.", "brand": "Kat Von D", "name": "Lullabye", "url": "http://www.temptalia.com/product/kat-von-d-studded-kiss-lipstick/lullabye", "review": "B+", "user_rating": "0", "permanence": "P", "rgb": [205, 96, 32], "color_name": "fuchsia", "image_url": "http://www.temptalia.com/wp-content/uploads/2014/08/katvond_lullabye004-400x355.jpg", "price": "$21.00", "price_per_ounce": 210.0}, {"full_text": "Permanent. $21.00/0.10 oz.", "brand": "Kat Von D", "name": "L.U.V.", "url": "http://www.temptalia.com/product/kat-von-d-studded-kiss-lipstick/l-u-v", "review": "D+", "user_rating": "4", "permanence": "P", "rgb": [166, 128, 57], "color_name": "purple", "image_url": "http://www.temptalia.com/wp-content/uploads/2014/08/katvond_luv004-400x355.jpg", "price": "$21.00", "price_per_ounce": 210.0}, {"full_text": "Permanent. $21.00/0.10 oz.", "brand": "Kat Von D", "name": "Wonderchilde", "url": "http://www.temptalia.com/product/kat-von-d-studded-kiss-lipstick/wonderchilde", "review": "C", "user_rating": "3", "permanence": "P", "rgb": [163, 112, 43], "color_name": "purple", "image_url": "http://www.temptalia.com/wp-content/uploads/2014/10/katvond_studdedkisset020-400x355.jpg", "price": "$21.00", "price_per_ounce": 210.0}, {"full_text": "Permanent. $21.00/0.10 oz.", "brand": "Kat Von D", "name": "Coven", "url": "http://www.temptalia.com/product/kat-von-d-studded-kiss-lipstick/coven", "review": "F", "user_rating": "3", "permanence": "P", "rgb": [186, 185, 147], "color_name": "purple", "image_url": "http://www.temptalia.com/wp-content/uploads/2014/07/katvond_coven004-400x355.jpg", "price": "$21.00", "price_per_ounce": 210.0}, {"full_text": "Permanent. $21.00/0.10 oz.", "brand": "Kat Von D", "name": "Wolvesmouth", "url": "http://www.temptalia.com/product/kat-von-d-studded-kiss-lipstick/wolvesmouth", "review": "C+", "user_rating": "4", "permanence": "P", "rgb": [107, 28, 17], "color_name": "red", "image_url": "http://www.temptalia.com/wp-content/uploads/2015/09/katvond_mividalocalipset042-400x355.jpg", "price": "$21.00", "price_per_ounce": 210.0}, {"full_text": "Permanent. $21.00/0.10 oz.", "brand": "Kat Von D", "name": "Homegirl", "url": "http://www.temptalia.com/product/kat-von-d-studded-kiss-lipstick/homegirl", "review": "F", "user_rating": "0", "permanence": "P", "rgb": [98, 22, 13], "color_name": "red", "image_url": "http://www.temptalia.com/wp-content/uploads/2014/08/katvond_homegirl004-400x355.jpg", "price": "$21.00", "price_per_ounce": 210.0}, {"full_text": "Permanent. $21.00/0.10 oz.", "brand": "Kat Von D", "name": "Motorhead", "url": "http://www.temptalia.com/product/kat-von-d-studded-kiss-lipstick/motorhead", "review": "F", "user_rating": "3", "permanence": "P", "rgb": [98, 30, 24], "color_name": "red", "image_url": "http://www.temptalia.com/wp-content/uploads/2014/08/katvond_motorhead004-400x355.jpg", "price": "$21.00", "price_per_ounce": 210.0}, {"full_text": "Permanent. $21.00/0.10 oz.", "brand": "Kat Von D", "name": "Poe", "url": "http://www.temptalia.com/product/kat-von-d-studded-kiss-lipstick/poe", "review": "A-", "user_rating": "4", "permanence": "P", "rgb": [23, 48, 22], "color_name": "blue", "image_url": "http://www.temptalia.com/wp-content/uploads/2014/07/katvond_poe004-400x355.jpg", "price": "$21.00", "price_per_ounce": 210.0}, {"full_text": "Permanent. $21.00/0.10 oz.", "brand": "Kat Von D", "name": "Slayer", "url": "http://www.temptalia.com/product/kat-von-d-studded-kiss-lipstick/slayer", "review": "D+", "user_rating": "2", "permanence": "P", "rgb": [34, 22, 25], "color_name": "nude", "image_url": "http://www.temptalia.com/wp-content/uploads/2014/08/katvond_slayer004-400x355.jpg", "price": "$21.00", "price_per_ounce": 210.0}, {"full_text": "Permanent. $21.00/0.10 oz.", "brand": "Kat Von D", "name": "Thin Lizzy", "url": "http://www.temptalia.com/product/kat-von-d-studded-kiss-lipstick/thin-lizzy", "review": "B+", "user_rating": "0", "permanence": "P", "rgb": [198, 45, 56], "color_name": "pink", "image_url": "http://www.temptalia.com/wp-content/uploads/2014/08/katvond_thinlizzy004-400x355.jpg", "price": "$21.00", "price_per_ounce": 210.0}, {"full_text": "Permanent. $21.00/0.10 oz.", "brand": "Kat Von D", "name": "Gothica", "url": "http://www.temptalia.com/product/kat-von-d-studded-kiss-lipstick/gothica", "review": "C", "user_rating": "4", "permanence": "P", "rgb": [198, 47, 66], "color_name": "pink", "image_url": "http://www.temptalia.com/wp-content/uploads/2014/08/katvond_gothica004-400x355.jpg", "price": "$21.00", "price_per_ounce": 210.0}, {"full_text": "Permanent. $21.00/0.10 oz.", "brand": "Kat Von D", "name": "Noble", "url": "http://www.temptalia.com/product/kat-von-d-studded-kiss-lipstick/noble", "review": "-", "user_rating": "0", "permanence": "P", "rgb": [204, 108, 119], "color_name": "pink", "image_url": "http://www.temptalia.com/wp-content/uploads/2015/09/katvond_mividalocalipset011-400x355.jpg", "price": "$21.00", "price_per_ounce": 210.0}, {"full_text": "Permanent. $21.00/0.10 oz.", "brand": "Kat Von D", "name": "Agatha", "url": "http://www.temptalia.com/product/kat-von-d-studded-kiss-lipstick/agatha", "review": "F", "user_rating": "0", "permanence": "P", "rgb": [230, 142, 151], "color_name": "pink", "image_url": "http://www.temptalia.com/wp-content/uploads/2014/08/katvond_agatha004-400x355.jpg", "price": "$21.00", "price_per_ounce": 210.0}, {"full_text": "Permanent. $21.00/0.10 oz.", "brand": "Kat Von D", "name": "Lovecraft", "url": "http://www.temptalia.com/product/kat-von-d-studded-kiss-lipstick/lovecraft", "review": "C+", "user_rating": "4", "permanence": "P", "rgb": [201, 101, 96], "color_name": "pink", "image_url": "http://www.temptalia.com/wp-content/uploads/2014/08/katvond_lovecraft004-400x355.jpg", "price": "$21.00", "price_per_ounce": 210.0}, {"full_text": "Limited Edition. $22.00/0.09 oz.", "brand": "Urban Decay", "name": "Mrs. Mia Wallace", "url": "http://www.temptalia.com/product/urban-decay-revolution-lipstick/mrs-mia-wallace", "review": "A", "user_rating": "4", "permanence": "LE", "rgb": [156, 14, 9], "color_name": "red", "image_url": "http://www.temptalia.com/wp-content/uploads/2014/07/urbandecay_mrsmiawallacelipstick004-400x355.jpg", "price": "$22.00", "price_per_ounce": 244.44444444444446}, {"full_text": "Limited Edition. $25.00/0.07 oz.", "brand": "NARS", "name": "Mondore", "url": "http://www.temptalia.com/product/nars-cosmetics-satin-lip-pencil/mondore", "review": "A", "user_rating": "4", "permanence": "LE", "rgb": [180, 45, 46], "color_name": "pink", "image_url": "http://www.temptalia.com/wp-content/uploads/2014/07/nars_mondore004-400x355.jpg", "price": "$25.00", "price_per_ounce": 357.1428571428571}, {"full_text": "Permanent. $25.00/0.07 oz.", "brand": "NARS", "name": "Bansar", "url": "http://www.temptalia.com/product/nars-cosmetics-satin-lip-pencil/bansar", "review": "A", "user_rating": "0", "permanence": "P", "rgb": [179, 62, 70], "color_name": "pink", "image_url": "http://www.temptalia.com/wp-content/uploads/2014/07/nars_bansar004-400x355.jpg", "price": "$25.00", "price_per_ounce": 357.1428571428571}, {"full_text": "Permanent. $28.00/0.15 oz.", "brand": "Marc Jacobs Beauty", "name": "Pow (600)", "url": "http://www.temptalia.com/product/marc-jacobs-beauty-kiss-pop-lip-color-stick/pow-600", "review": "C", "user_rating": "5", "permanence": "P", "rgb": [231, 136, 115], "color_name": "pink", "image_url": "http://www.temptalia.com/wp-content/uploads/2014/08/marcjacobs_pow004-400x355.jpg", "price": "$28.00", "price_per_ounce": 186.66666666666669}, {"full_text": "Permanent. $28.00/0.15 oz.", "brand": "Marc Jacobs Beauty", "name": "Wham (604)", "url": "http://www.temptalia.com/product/marc-jacobs-beauty-kiss-pop-lip-color-stick/wham-604", "review": "B-", "user_rating": "5", "permanence": "P", "rgb": [250, 92, 65], "color_name": "pink", "image_url": "http://www.temptalia.com/wp-content/uploads/2014/07/marcjacobs_wham004-400x355.jpg", "price": "$28.00", "price_per_ounce": 186.66666666666669}, {"full_text": "Permanent. $28.00/0.15 oz.", "brand": "Marc Jacobs Beauty", "name": "Pop-arazzi (606)", "url": "http://www.temptalia.com/product/marc-jacobs-beauty-kiss-pop-lip-color-stick/pop-arazzi-606", "review": "B", "user_rating": "0", "permanence": "P", "rgb": [233, 130, 62], "color_name": "fuchsia", "image_url": "http://www.temptalia.com/wp-content/uploads/2014/07/marcjacobs_poparrazi004-400x355.jpg", "price": "$28.00", "price_per_ounce": 186.66666666666669}, {"full_text": "Permanent. $28.00/0.15 oz.", "brand": "Marc Jacobs Beauty", "name": "Headliner (608)", "url": "http://www.temptalia.com/product/marc-jacobs-beauty-kiss-pop-lip-color-stick/headliner-608", "review": "A-", "user_rating": "0", "permanence": "P", "rgb": [197, 65, 22], "color_name": "pink", "image_url": "http://www.temptalia.com/wp-content/uploads/2014/08/marcjacobs_headliner004-400x355.jpg", "price": "$28.00", "price_per_ounce": 186.66666666666669}, {"full_text": "Limited Edition. $30.00/0.12 oz.", "brand": "Marc Jacobs Beauty", "name": "Cabaret (146)", "url": "http://www.temptalia.com/product/marc-jacobs-beauty-lovemarc-lip-gel/cabaret-146", "review": "A", "user_rating": "0", "permanence": "LE", "rgb": [159, 56, 28], "color_name": "red", "image_url": "http://www.temptalia.com/wp-content/uploads/2014/07/marcjacobs_146caberet004-400x355.jpg", "price": "$30.00", "price_per_ounce": 250.0}, {"full_text": "Limited Edition. $21.00/0.13 oz.", "brand": "Buxom", "name": "Dolly", "url": "http://www.temptalia.com/product/buxom-full-bodied-lipstick/dolly", "review": "A", "user_rating": "4", "permanence": "LE", "rgb": [191, 72, 70], "color_name": "pink", "image_url": "http://www.temptalia.com/wp-content/uploads/2014/07/buxom_dolly004-400x355.jpg", "price": "$21.00", "price_per_ounce": 161.53846153846152}, {"full_text": "Permanent. $33.00/0.12 oz.", "brand": "Dolce and Gabbana", "name": "Devil (620)", "url": "http://www.temptalia.com/product/dolce-and-gabbana-classic-cream-lipstick/devil-620", "review": "A+", "user_rating": "4", "permanence": "P", "rgb": [213, 24, 25], "color_name": "pink", "image_url": "http://www.temptalia.com/wp-content/uploads/2014/06/dolcegabbana_620devil004-400x355.jpg", "price": "$33.00", "price_per_ounce": 275.0}, {"full_text": "Permanent. $33.00/0.12 oz.", "brand": "Dolce and Gabbana", "name": "Fire (610)", "url": "http://www.temptalia.com/product/dolce-and-gabbana-classic-cream-lipstick/fire-610", "review": "A+", "user_rating": "0", "permanence": "P", "rgb": [215, 21, 29], "color_name": "pink", "image_url": "http://www.temptalia.com/wp-content/uploads/2014/06/dolcegabbana_610fire004-400x355.jpg", "price": "$33.00", "price_per_ounce": 275.0}, {"full_text": "Permanent. $33.00/0.12 oz.", "brand": "Dolce and Gabbana", "name": "Scarlett (625)", "url": "http://www.temptalia.com/product/dolce-and-gabbana-classic-cream-lipstick/scarlett-625", "review": "A+", "user_rating": "0", "permanence": "P", "rgb": [197, 22, 14], "color_name": "pink", "image_url": "http://www.temptalia.com/wp-content/uploads/2014/06/dolcegabbana_625scarlett004-400x355.jpg", "price": "$33.00", "price_per_ounce": 275.0}, {"full_text": "Permanent. $33.00/0.12 oz.", "brand": "Dolce and Gabbana", "name": "Mandorla (125)", "url": "http://www.temptalia.com/product/dolce-and-gabbana-classic-cream-lipstick/mandorla-125", "review": "B+", "user_rating": "0", "permanence": "P", "rgb": [215, 108, 124], "color_name": "pink", "image_url": "http://www.temptalia.com/wp-content/uploads/2014/06/dolcegabbana_125mandorla004-400x355.jpg", "price": "$33.00", "price_per_ounce": 275.0}, {"full_text": "Permanent. $33.00/0.12 oz.", "brand": "Dolce and Gabbana", "name": "Petal (135)", "url": "http://www.temptalia.com/product/dolce-and-gabbana-classic-cream-lipstick/petal-135", "review": "A-", "user_rating": "5", "permanence": "P", "rgb": [203, 85, 90], "color_name": "pink", "image_url": "http://www.temptalia.com/wp-content/uploads/2014/06/dolcegabbana_135petal004-400x355.jpg", "price": "$33.00", "price_per_ounce": 275.0}, {"full_text": "Permanent. $33.00/0.12 oz.", "brand": "Dolce and Gabbana", "name": "Dahlia (320)", "url": "http://www.temptalia.com/product/dolce-and-gabbana-classic-cream-lipstick/dahlia-320", "review": "A", "user_rating": "5", "permanence": "P", "rgb": [150, 45, 21], "color_name": "red", "image_url": "http://www.temptalia.com/wp-content/uploads/2014/06/dolcegabbana_320dahlia004-400x355.jpg", "price": "$33.00", "price_per_ounce": 275.0}, {"full_text": "Permanent. $21.00/0.40 oz.", "brand": "Too Faced", "name": "Melted Berry", "url": "http://www.temptalia.com/product/too-faced-melted-liquified-long-wear-lipstick/melted-berry", "review": "A+", "user_rating": "5", "permanence": "P", "rgb": [169, 49, 6], "color_name": "fuchsia", "image_url": "http://www.temptalia.com/wp-content/uploads/2014/06/toofaced_meltedberry004-400x355.jpg", "price": "$21.00", "price_per_ounce": 52.5}, {"full_text": "Permanent. $21.00/0.40 oz.", "brand": "Too Faced", "name": "Melted Fig", "url": "http://www.temptalia.com/product/too-faced-melted-liquified-long-wear-lipstick/melted-fig", "review": "A+", "user_rating": "4", "permanence": "P", "rgb": [192, 98, 62], "color_name": "fuchsia", "image_url": "http://www.temptalia.com/wp-content/uploads/2014/06/toofaced_meltedfig004-400x355.jpg", "price": "$21.00", "price_per_ounce": 52.5}, {"full_text": "Permanent. $21.00/0.40 oz.", "brand": "Too Faced", "name": "Melted Marshmallow", "url": "http://www.temptalia.com/product/too-faced-melted-liquified-long-wear-lipstick/melted-marshmallow", "review": "A", "user_rating": "0", "permanence": "P", "rgb": [245, 151, 129], "color_name": "pink", "image_url": "http://www.temptalia.com/wp-content/uploads/2014/06/toofaced_meltedmarshmallow004-400x355.jpg", "price": "$21.00", "price_per_ounce": 52.5}, {"full_text": "Permanent. $22.00/0.11 oz.", "brand": "Too Faced", "name": "Country Star", "url": "http://www.temptalia.com/product/too-faced-la-creme/country-star", "review": "C", "user_rating": "4", "permanence": "P", "rgb": [224, 115, 133], "color_name": "pink", "image_url": "http://www.temptalia.com/wp-content/uploads/2014/06/toofaced_countrystar004-400x355.jpg", "price": "$22.00", "price_per_ounce": 200.0}, {"full_text": "Permanent. $35.00/0.10 oz.", "brand": "Chanel", "name": "Intime (93)", "url": "http://www.temptalia.com/product/chanel-rouge-coco-shine-hydrating-sheer-lipshine/intime-93", "review": "B", "user_rating": "0", "permanence": "P", "rgb": [208, 115, 117], "color_name": "pink", "image_url": "http://www.temptalia.com/wp-content/uploads/2014/06/chanel_93intime004-400x355.jpg", "price": "$35.00", "price_per_ounce": 350.0}, {"full_text": "Permanent. $35.00/0.10 oz.", "brand": "Chanel", "name": "Confident (94)", "url": "http://www.temptalia.com/product/chanel-rouge-coco-shine-hydrating-sheer-lipshine/confident-94", "review": "B", "user_rating": "0", "permanence": "P", "rgb": [191, 84, 83], "color_name": "pink", "image_url": "http://www.temptalia.com/wp-content/uploads/2014/06/chanel_94confident004-400x355.jpg", "price": "$35.00", "price_per_ounce": 350.0}, {"full_text": "Limited Edition. $35.00/0.10 oz.", "brand": "Chanel", "name": "Viva (95)", "url": "http://www.temptalia.com/product/chanel-rouge-coco-shine-hydrating-sheer-lipshine/viva-95", "review": "A-", "user_rating": "3", "permanence": "LE", "rgb": [208, 84, 54], "color_name": "pink", "image_url": "http://www.temptalia.com/wp-content/uploads/2014/06/chanel_95viva004-400x355.jpg", "price": "$35.00", "price_per_ounce": 350.0}, {"full_text": "Permanent. $35.00/0.10 oz.", "brand": "Chanel", "name": "Aura (96)", "url": "http://www.temptalia.com/product/chanel-rouge-coco-shine-hydrating-sheer-lipshine/aura-96", "review": "B", "user_rating": "4", "permanence": "P", "rgb": [176, 67, 58], "color_name": "pink", "image_url": "http://www.temptalia.com/wp-content/uploads/2014/06/chanel_96aura004-400x355.jpg", "price": "$35.00", "price_per_ounce": 350.0}, {"full_text": "Limited Edition. $17.00/0.12 oz.", "brand": "MAC", "name": "Moody Bloom", "url": "http://www.temptalia.com/product/mac-cosmetics-sheen-supreme-lipstick/moody-bloom", "review": "B+", "user_rating": "5", "permanence": "LE", "rgb": [189, 70, 66], "color_name": "pink", "image_url": "http://www.temptalia.com/wp-content/uploads/2014/06/mac_moodybloom004-400x355.jpg", "price": "$17.00", "price_per_ounce": 141.66666666666669}, {"full_text": "Limited Edition. $17.00/0.12 oz.", "brand": "MAC", "name": "Pheromonal", "url": "http://www.temptalia.com/product/mac-cosmetics-sheen-supreme-lipstick/pheromonal", "review": "A-", "user_rating": "4", "permanence": "LE", "rgb": [215, 85, 40], "color_name": "fuchsia", "image_url": "http://www.temptalia.com/wp-content/uploads/2014/06/mac_pheromonal004-400x355.jpg", "price": "$17.00", "price_per_ounce": 141.66666666666669}, {"full_text": "Limited Edition. $17.00/0.12 oz.", "brand": "MAC", "name": "Phosphorescent", "url": "http://www.temptalia.com/product/mac-cosmetics-sheen-supreme-lipstick/phosphorescent", "review": "A-", "user_rating": "4", "permanence": "LE", "rgb": [211, 75, 49], "color_name": "pink", "image_url": "http://www.temptalia.com/wp-content/uploads/2014/06/mac_phosphorescent004-400x355.jpg", "price": "$17.00", "price_per_ounce": 141.66666666666669}, {"full_text": "Limited Edition. $17.00/0.12 oz.", "brand": "MAC", "name": "Venomous Violet", "url": "http://www.temptalia.com/product/mac-cosmetics-sheen-supreme-lipstick/venomous-violet", "review": "C-", "user_rating": "3", "permanence": "LE", "rgb": [111, 39, 31], "color_name": "red", "image_url": "http://www.temptalia.com/wp-content/uploads/2014/06/mac_venomousviolet004-400x355.jpg", "price": "$17.00", "price_per_ounce": 141.66666666666669}, {"full_text": "Limited Edition. $17.00/0.12 oz.", "brand": "MAC", "name": "Lust Extract", "url": "http://www.temptalia.com/product/mac-cosmetics-sheen-supreme-lipstick/lust-extract", "review": "B", "user_rating": "4", "permanence": "LE", "rgb": [209, 109, 43], "color_name": "fuchsia", "image_url": "http://www.temptalia.com/wp-content/uploads/2014/06/mac_lustextract004-400x355.jpg", "price": "$17.00", "price_per_ounce": 141.66666666666669}, {"full_text": "Permanent. $19.00/0.16 oz.", "brand": "Melt Cosmetics", "name": "Stupid Love", "url": "http://www.temptalia.com/product/melt-cosmetics-lipstick/stupid-love", "review": "B", "user_rating": "2", "permanence": "P", "rgb": [237, 142, 29], "color_name": "purple", "image_url": "http://www.temptalia.com/wp-content/uploads/2014/06/meltcosmetics_stupidlove004-400x355.jpg", "price": "$19.00", "price_per_ounce": 118.75}, {"full_text": "Permanent. $19.00/0.16 oz.", "brand": "Melt Cosmetics", "name": "Summer!", "url": "http://www.temptalia.com/product/melt-cosmetics-lipstick/summer", "review": "C", "user_rating": "4", "permanence": "P", "rgb": [250, 106, 127], "color_name": "pink", "image_url": "http://www.temptalia.com/wp-content/uploads/2014/06/meltcosmetics_summer004-400x355.jpg", "price": "$19.00", "price_per_ounce": 118.75}, {"full_text": "Permanent. $19.00/0.16 oz.", "brand": "Melt Cosmetics", "name": "Space Cake", "url": "http://www.temptalia.com/product/melt-cosmetics-lipstick/space-cake", "review": "B+", "user_rating": "4", "permanence": "P", "rgb": [81, 108, 90], "color_name": "grey", "image_url": "http://www.temptalia.com/wp-content/uploads/2014/06/meltcosmetics_spacecake004-400x355.jpg", "price": "$19.00", "price_per_ounce": 118.75}, {"full_text": "Permanent. $36.00/0.12 oz.", "brand": "Givenchy", "name": "Rouge Egerie (305)", "url": "http://www.temptalia.com/product/givenchy-le-rouge/rouge-egerie-305", "review": "A+", "user_rating": "0", "permanence": "P", "rgb": [211, 42, 27], "color_name": "pink", "image_url": "http://www.temptalia.com/wp-content/uploads/2014/06/givenchy_305rougeegerie004-400x355.jpg", "price": "$36.00", "price_per_ounce": 300.0}, {"full_text": "Permanent. $36.00/0.12 oz.", "brand": "Givenchy", "name": "Corail Signature (317)", "url": "http://www.temptalia.com/product/givenchy-le-rouge/corail-signature-317", "review": "A", "user_rating": "0", "permanence": "P", "rgb": [234, 47, 65], "color_name": "pink", "image_url": "http://www.temptalia.com/wp-content/uploads/2014/06/givenchy_317corailsignature004-400x355.jpg", "price": "$36.00", "price_per_ounce": 300.0}, {"full_text": "Permanent. $36.00/0.12 oz.", "brand": "Givenchy", "name": "Corail Decollete (303)", "url": "http://www.temptalia.com/product/givenchy-le-rouge/corail-decollete-303", "review": "A+", "user_rating": "0", "permanence": "P", "rgb": [221, 70, 53], "color_name": "pink", "image_url": "http://www.temptalia.com/wp-content/uploads/2014/06/givenchy_303coraildecollete004-400x355.jpg", "price": "$36.00", "price_per_ounce": 300.0}, {"full_text": "Permanent. $36.00/0.12 oz.", "brand": "Givenchy", "name": "Nude Guipure (106)", "url": "http://www.temptalia.com/product/givenchy-le-rouge/nude-guipure-106", "review": "B+", "user_rating": "0", "permanence": "P", "rgb": [205, 92, 90], "color_name": "pink", "image_url": "http://www.temptalia.com/wp-content/uploads/2014/06/givenchy_106nudeguipure004-400x355.jpg", "price": "$36.00", "price_per_ounce": 300.0}, {"full_text": "Permanent. $36.00/0.12 oz.", "brand": "Givenchy", "name": "Rose Boudoir (204)", "url": "http://www.temptalia.com/product/givenchy-le-rouge/rose-boudoir-204", "review": "A+", "user_rating": "4", "permanence": "P", "rgb": [211, 79, 59], "color_name": "pink", "image_url": "http://www.temptalia.com/wp-content/uploads/2014/06/givenchy_204roseboudoir004-400x355.jpg", "price": "$36.00", "price_per_ounce": 300.0}, {"full_text": "Permanent. $36.00/0.12 oz.", "brand": "Givenchy", "name": "Brun Vintage (105)", "url": "http://www.temptalia.com/product/givenchy-le-rouge/brun-vintage-105", "review": "A", "user_rating": "0", "permanence": "P", "rgb": [197, 71, 57], "color_name": "pink", "image_url": "http://www.temptalia.com/wp-content/uploads/2014/06/givenchy_105brunvintage004-400x355.jpg", "price": "$36.00", "price_per_ounce": 300.0}, {"full_text": "Permanent. $19.00/0.16 oz.", "brand": "Melt Cosmetics", "name": "Shady Lady", "url": "http://www.temptalia.com/product/melt-cosmetics-lipstick/shady-lady", "review": "B+", "user_rating": "3", "permanence": "P", "rgb": [220, 106, 6], "color_name": "fuchsia", "image_url": "http://www.temptalia.com/wp-content/uploads/2014/06/meltcosmetics_shadylady004-400x355.jpg", "price": "$19.00", "price_per_ounce": 118.75}, {"full_text": "Permanent. $19.00/0.16 oz.", "brand": "Melt Cosmetics", "name": "Darling", "url": "http://www.temptalia.com/product/melt-cosmetics-lipstick/darling", "review": "B", "user_rating": "0", "permanence": "P", "rgb": [221, 211, 156], "color_name": "purple", "image_url": "http://www.temptalia.com/wp-content/uploads/2014/06/meltcosmetics_darling004-400x355.jpg", "price": "$19.00", "price_per_ounce": 118.75}, {"full_text": "Permanent. $19.00/0.16 oz.", "brand": "Melt Cosmetics", "name": "By Starlight", "url": "http://www.temptalia.com/product/melt-cosmetics-lipstick/by-starlight", "review": "B", "user_rating": "3", "permanence": "P", "rgb": [119, 115, 52], "color_name": "purple", "image_url": "http://www.temptalia.com/wp-content/uploads/2014/06/meltcosmetics_bystarlight004-400x355.jpg", "price": "$19.00", "price_per_ounce": 118.75}, {"full_text": "Permanent. $36.00/0.12 oz.", "brand": "Givenchy", "name": "Rose Perfecto (209)", "url": "http://www.temptalia.com/product/givenchy-le-rouge/rose-perfecto-209", "review": "A+", "user_rating": "0", "permanence": "P", "rgb": [228, 112, 48], "color_name": "fuchsia", "image_url": "http://www.temptalia.com/wp-content/uploads/2014/06/givenchy_209roseperfecto004-400x355.jpg", "price": "$36.00", "price_per_ounce": 300.0}, {"full_text": "Permanent. $36.00/0.12 oz.", "brand": "Givenchy", "name": "Rose Dahlia (210)", "url": "http://www.temptalia.com/product/givenchy-le-rouge/rose-dahlia-210", "review": "B+", "user_rating": "0", "permanence": "P", "rgb": [225, 147, 109], "color_name": "fuchsia", "image_url": "http://www.temptalia.com/wp-content/uploads/2014/06/givenchy_210rosedahlia004-400x355.jpg", "price": "$36.00", "price_per_ounce": 300.0}, {"full_text": "Permanent. $36.00/0.12 oz.", "brand": "Givenchy", "name": "Hibiscus Exclusif (302)", "url": "http://www.temptalia.com/product/givenchy-le-rouge/hibiscus-exclusif-302", "review": "A+", "user_rating": "5", "permanence": "P", "rgb": [231, 99, 60], "color_name": "pink", "image_url": "http://www.temptalia.com/wp-content/uploads/2014/06/givenchy_302hibiscusexclusif004-400x355.jpg", "price": "$36.00", "price_per_ounce": 300.0}, {"full_text": "Permanent. $36.00/0.12 oz.", "brand": "Givenchy", "name": "Beige Deshabille (108)", "url": "http://www.temptalia.com/product/givenchy-le-rouge/beige-deshabille-108", "review": "B-", "user_rating": "0", "permanence": "P", "rgb": [206, 103, 125], "color_name": "orange", "image_url": "http://www.temptalia.com/wp-content/uploads/2014/05/givenchy_108beigedeshabille004-400x355.jpg", "price": "$36.00", "price_per_ounce": 300.0}, {"full_text": "Permanent. $36.00/0.12 oz.", "brand": "Givenchy", "name": "Rose Ruban (211)", "url": "http://www.temptalia.com/product/givenchy-le-rouge/rose-ruban-211", "review": "B-", "user_rating": "0", "permanence": "P", "rgb": [207, 121, 127], "color_name": "pink", "image_url": "http://www.temptalia.com/wp-content/uploads/2014/05/givenchy_211roseruban004-400x355.jpg", "price": "$36.00", "price_per_ounce": 300.0}, {"full_text": "Permanent. $36.00/0.12 oz.", "brand": "Givenchy", "name": "Beige Caraco (107)", "url": "http://www.temptalia.com/product/givenchy-le-rouge/beige-caraco-107", "review": "B+", "user_rating": "0", "permanence": "P", "rgb": [212, 86, 108], "color_name": "orange", "image_url": "http://www.temptalia.com/wp-content/uploads/2014/05/givenchy_107beigecaraco004-400x355.jpg", "price": "$36.00", "price_per_ounce": 300.0}, {"full_text": "Permanent. $24.00/0.13 oz.", "brand": "Bite Beauty", "name": "Lavender", "url": "http://www.temptalia.com/product/bite-beauty-luminous-creme-lipstick/lavender", "review": "C+", "user_rating": "0", "permanence": "P", "rgb": [204, 121, 86], "color_name": "fuchsia", "image_url": "http://www.temptalia.com/wp-content/uploads/2014/05/bitebeauty_lavender004-400x355.jpg", "price": "$24.00", "price_per_ounce": 184.6153846153846}, {"full_text": "Limited Edition. $17.00/0.10 oz.", "brand": "MAC", "name": "Dodgy Girl", "url": "http://www.temptalia.com/product/mac-cosmetics-lipstick/dodgy-girl", "review": "B+", "user_rating": "4", "permanence": "LE", "rgb": [207, 168, 129], "color_name": "purple", "image_url": "http://www.temptalia.com/wp-content/uploads/2014/05/mac_dodgygirl004-400x355.jpg", "price": "$17.00", "price_per_ounce": 170.0}, {"full_text": "Limited Edition. $17.00/0.10 oz.", "brand": "MAC", "name": "Kelly Yum-Yum", "url": "http://www.temptalia.com/product/mac-cosmetics-lipstick/kelly-yum-yum", "review": "A", "user_rating": "4", "permanence": "LE", "rgb": [236, 129, 55], "color_name": "fuchsia", "image_url": "http://www.temptalia.com/wp-content/uploads/2014/05/mac_kellyyumyum004-400x355.jpg", "price": "$17.00", "price_per_ounce": 170.0}, {"full_text": "Limited Edition. $17.00/0.10 oz.", "brand": "MAC", "name": "Riot House", "url": "http://www.temptalia.com/product/mac-cosmetics-lipstick/riot-house", "review": "B", "user_rating": "5", "permanence": "LE", "rgb": [231, 128, 150], "color_name": "orange", "image_url": "http://www.temptalia.com/wp-content/uploads/2014/05/mac_riothouse004-400x355.jpg", "price": "$17.00", "price_per_ounce": 170.0}, {"full_text": "Limited Edition. $17.00/0.10 oz.", "brand": "MAC", "name": "Strip Poker", "url": "http://www.temptalia.com/product/mac-cosmetics-lipstick/strip-poker", "review": "A-", "user_rating": "5", "permanence": "LE", "rgb": [211, 128, 138], "color_name": "pink", "image_url": "http://www.temptalia.com/wp-content/uploads/2014/05/mac_strippoker004-400x355.jpg", "price": "$17.00", "price_per_ounce": 170.0}, {"full_text": "Limited Edition. $17.00/0.10 oz.", "brand": "MAC", "name": "Peach Beige", "url": "http://www.temptalia.com/product/mac-cosmetics-lipstick/peach-beige", "review": "B+", "user_rating": "0", "permanence": "LE", "rgb": [204, 128, 137], "color_name": "nude", "image_url": "http://www.temptalia.com/wp-content/uploads/2014/05/mac_peachbeige004-400x355.jpg", "price": "$17.00", "price_per_ounce": 170.0}, {"full_text": "Limited Edition. $17.00/0.10 oz.", "brand": "MAC", "name": "Roxo", "url": "http://www.temptalia.com/product/mac-cosmetics-lipstick/roxo", "review": "A-", "user_rating": "5", "permanence": "LE", "rgb": [159, 36, 23], "color_name": "red", "image_url": "http://www.temptalia.com/wp-content/uploads/2014/05/mac_roxo004-400x355.jpg", "price": "$17.00", "price_per_ounce": 170.0}, {"full_text": "Limited Edition. $17.00/0.10 oz.", "brand": "MAC", "name": "Ruby", "url": "http://www.temptalia.com/product/mac-cosmetics-lipstick/ruby", "review": "A", "user_rating": "4", "permanence": "LE", "rgb": [200, 31, 24], "color_name": "pink", "image_url": "http://www.temptalia.com/wp-content/uploads/2014/05/mac_rubylipstick004-400x355.jpg", "price": "$17.00", "price_per_ounce": 170.0}, {"full_text": "Limited Edition. $17.00/0.10 oz.", "brand": "MAC", "name": "True Red", "url": "http://www.temptalia.com/product/mac-cosmetics-lipstick/true-red", "review": "A", "user_rating": "0", "permanence": "LE", "rgb": [223, 24, 32], "color_name": "pink", "image_url": "http://www.temptalia.com/wp-content/uploads/2014/05/mac_truered004-400x355.jpg", "price": "$17.00", "price_per_ounce": 170.0}, {"full_text": "Permanent. $30.00/0.12 oz.", "brand": "Estee Lauder", "name": "Decadent (150)", "url": "http://www.temptalia.com/product/estee-lauder-pure-color-envy-sculpting-lipstick/decadent-150", "review": "A-", "user_rating": "0", "permanence": "P", "rgb": [119, 22, 24], "color_name": "red", "image_url": "http://www.temptalia.com/wp-content/uploads/2014/05/esteelauder_150decadent004-400x355.jpg", "price": "$30.00", "price_per_ounce": 250.0}, {"full_text": "Permanent. $30.00/0.12 oz.", "brand": "Estee Lauder", "name": "Emotional (140)", "url": "http://www.temptalia.com/product/estee-lauder-pure-color-envy-sculpting-lipstick/emotional-140", "review": "A", "user_rating": "0", "permanence": "P", "rgb": [162, 16, 22], "color_name": "red", "image_url": "http://www.temptalia.com/wp-content/uploads/2014/05/esteelauder_140emotional004-400x355.jpg", "price": "$30.00", "price_per_ounce": 250.0}, {"full_text": "Limited Edition. $28.00/0.15 oz.", "brand": "Bite Beauty", "name": "Damask", "url": "http://www.temptalia.com/product/bite-beauty-deconstructed-rose-lipstick/damask", "review": "A", "user_rating": "5", "permanence": "LE", "rgb": [229, 93, 56], "color_name": "pink", "image_url": "http://www.temptalia.com/wp-content/uploads/2014/05/bitebeauty_damask004-400x355.jpg", "price": "$28.00", "price_per_ounce": 186.66666666666669}, {"full_text": "Limited Edition. $28.00/0.15 oz.", "brand": "Bite Beauty", "name": "Crimson", "url": "http://www.temptalia.com/product/bite-beauty-deconstructed-rose-lipstick/crimson", "review": "A+", "user_rating": "5", "permanence": "LE", "rgb": [171, 38, 6], "color_name": "red", "image_url": "http://www.temptalia.com/wp-content/uploads/2014/05/bitebeauty_crimson004-400x355.jpg", "price": "$28.00", "price_per_ounce": 186.66666666666669}, {"full_text": "Limited Edition. $28.00/0.15 oz.", "brand": "Bite Beauty", "name": "Centifolia", "url": "http://www.temptalia.com/product/bite-beauty-deconstructed-rose-lipstick/centifolia", "review": "A", "user_rating": "5", "permanence": "LE", "rgb": [231, 77, 84], "color_name": "pink", "image_url": "http://www.temptalia.com/wp-content/uploads/2014/05/bitebeauty_centifolia004-400x355.jpg", "price": "$28.00", "price_per_ounce": 186.66666666666669}, {"full_text": "Limited Edition. $28.00/0.15 oz.", "brand": "Bite Beauty", "name": "Grandifolia", "url": "http://www.temptalia.com/product/bite-beauty-deconstructed-rose-lipstick/grandifolia", "review": "A+", "user_rating": "0", "permanence": "LE", "rgb": [204, 13, 17], "color_name": "pink", "image_url": "http://www.temptalia.com/wp-content/uploads/2014/05/bitebeauty_grandifolia004-400x355.jpg", "price": "$28.00", "price_per_ounce": 186.66666666666669}, {"full_text": "Limited Edition. $17.00/0.10 oz.", "brand": "MAC", "name": "Pure Heroine", "url": "http://www.temptalia.com/product/mac-cosmetics-lipstick/pure-heroine", "review": "B-", "user_rating": "4", "permanence": "LE", "rgb": [97, 59, 15], "color_name": "purple", "image_url": "http://www.temptalia.com/wp-content/uploads/2014/05/mac_pureheroine004-400x355.jpg", "price": "$17.00", "price_per_ounce": 170.0}, {"full_text": "Permanent. $22.00/0.12 oz.", "brand": "Lipstick Queen", "name": "Jungle Queen", "url": "http://www.temptalia.com/product/lipstick-queen-jungle-queen-lipstick/jungle-queen", "review": "B+", "user_rating": "5", "permanence": "P", "rgb": [217, 27, 40], "color_name": "pink", "image_url": "http://www.temptalia.com/wp-content/uploads/2014/05/lipstickqueen_junglequeen008-400x355.jpg", "price": "$22.00", "price_per_ounce": 183.33333333333334}, {"full_text": "Limited Edition. $17.00/0.10 oz.", "brand": "MAC", "name": "Pet Me Please", "url": "http://www.temptalia.com/product/mac-cosmetics-lipstick/pet-me-please", "review": "C", "user_rating": "4", "permanence": "LE", "rgb": [205, 105, 111], "color_name": "pink", "image_url": "http://www.temptalia.com/wp-content/uploads/2014/04/mac_petmeplease004-400x355.jpg", "price": "$17.00", "price_per_ounce": 170.0}, {"full_text": "Limited Edition. $17.00/0.10 oz.", "brand": "MAC", "name": "Enchanted One", "url": "http://www.temptalia.com/product/mac-cosmetics-lipstick/enchanted-one", "review": "A", "user_rating": "5", "permanence": "LE", "rgb": [223, 108, 120], "color_name": "pink", "image_url": "http://www.temptalia.com/wp-content/uploads/2014/04/mac_enchantedone004-400x355.jpg", "price": "$17.00", "price_per_ounce": 170.0}, {"full_text": "Limited Edition. $17.00/0.10 oz.", "brand": "MAC", "name": "Mystical", "url": "http://www.temptalia.com/product/mac-cosmetics-lipstick/mystical", "review": "A", "user_rating": "4", "permanence": "LE", "rgb": [193, 68, 60], "color_name": "pink", "image_url": "http://www.temptalia.com/wp-content/uploads/2014/04/mac_mystical004-400x355.jpg", "price": "$17.00", "price_per_ounce": 170.0}, {"full_text": "Limited Edition. $17.00/0.10 oz.", "brand": "MAC", "name": "Siren Song", "url": "http://www.temptalia.com/product/mac-cosmetics-lipstick/siren-song", "review": "B-", "user_rating": "4", "permanence": "LE", "rgb": [202, 100, 107], "color_name": "pink", "image_url": "http://www.temptalia.com/wp-content/uploads/2014/04/mac_sirensong004-400x355.jpg", "price": "$17.00", "price_per_ounce": 170.0}, {"full_text": "Limited Edition. $17.00/0.10 oz.", "brand": "MAC", "name": "Goddess of the Sea", "url": "http://www.temptalia.com/product/mac-cosmetics-lipstick/goddess-of-the-sea", "review": "A-", "user_rating": "4", "permanence": "LE", "rgb": [148, 67, 39], "color_name": "fuchsia", "image_url": "http://www.temptalia.com/wp-content/uploads/2014/05/mac_goddessofthesea004-400x355.jpg", "price": "$17.00", "price_per_ounce": 170.0}, {"full_text": "Limited Edition. $17.00/0.10 oz.", "brand": "MAC", "name": "True Love's Kiss", "url": "http://www.temptalia.com/product/mac-cosmetics-lipstick/true-loves-kiss", "review": "A-", "user_rating": "4", "permanence": "LE", "rgb": [191, 15, 14], "color_name": "pink", "image_url": "http://www.temptalia.com/wp-content/uploads/2014/04/mac_trueloveskiss005-400x355.jpg", "price": "$17.00", "price_per_ounce": 170.0}, {"full_text": "Permanent. $12.50/0.14 oz.", "brand": "Sephora Collection", "name": "Cougar", "url": "http://www.temptalia.com/product/sephora-collection-rouge-cream-lipstick/cougar", "review": "A+", "user_rating": "5", "permanence": "P", "rgb": [245, 132, 58], "color_name": "fuchsia", "image_url": "http://www.temptalia.com/wp-content/uploads/2014/04/sephora_cougarrougecream004-400x355.jpg", "price": "$12.50", "price_per_ounce": 89.28571428571428}, {"full_text": "Limited Edition. $12.50/0.14 oz.", "brand": "Sephora Collection", "name": "Flamingo", "url": "http://www.temptalia.com/product/sephora-collection-rouge-cream-lipstick/flamingo", "review": "A", "user_rating": "5", "permanence": "LE", "rgb": [246, 100, 66], "color_name": "pink", "image_url": "http://www.temptalia.com/wp-content/uploads/2014/04/sephora_flamingorougecream004-400x355.jpg", "price": "$12.50", "price_per_ounce": 89.28571428571428}, {"full_text": "Limited Edition. $12.50/0.14 oz.", "brand": "Sephora Collection", "name": "Samba", "url": "http://www.temptalia.com/product/sephora-collection-rouge-cream-lipstick/samba", "review": "A", "user_rating": "0", "permanence": "LE", "rgb": [244, 52, 63], "color_name": "pink", "image_url": "http://www.temptalia.com/wp-content/uploads/2014/04/sephora_sambarougecream004-400x355.jpg", "price": "$12.50", "price_per_ounce": 89.28571428571428}, {"full_text": "Permanent. $21.00/0.40 oz.", "brand": "Too Faced", "name": "Melted Coral", "url": "http://www.temptalia.com/product/too-faced-melted-liquified-long-wear-lipstick/melted-coral", "review": "A+", "user_rating": "4", "permanence": "P", "rgb": [248, 83, 97], "color_name": "pink", "image_url": "http://www.temptalia.com/wp-content/uploads/2014/04/toofaced_meltedcoral004-400x355.jpg", "price": "$21.00", "price_per_ounce": 52.5}, {"full_text": "Permanent. $21.00/0.40 oz.", "brand": "Too Faced", "name": "Melted Peony", "url": "http://www.temptalia.com/product/too-faced-melted-liquified-long-wear-lipstick/melted-peony", "review": "A", "user_rating": "4", "permanence": "P", "rgb": [232, 123, 109], "color_name": "pink", "image_url": "http://www.temptalia.com/wp-content/uploads/2014/04/toofaced_meltedpeony004-400x355.jpg", "price": "$21.00", "price_per_ounce": 52.5}, {"full_text": "Permanent. $21.00/0.40 oz.", "brand": "Too Faced", "name": "Melted Nude", "url": "http://www.temptalia.com/product/too-faced-melted-liquified-long-wear-lipstick/melted-nude", "review": "A", "user_rating": "4", "permanence": "P", "rgb": [220, 97, 121], "color_name": "orange", "image_url": "http://www.temptalia.com/wp-content/uploads/2014/04/toofaced_meltednude008-400x355.jpg", "price": "$21.00", "price_per_ounce": 52.5}, {"full_text": "Permanent. $35.00/0.10 oz.", "brand": "Chanel", "name": "Satisfaction (89)", "url": "http://www.temptalia.com/product/chanel-rouge-coco-shine-hydrating-sheer-lipshine/satisfaction-89", "review": "B", "user_rating": "0", "permanence": "P", "rgb": [200, 96, 107], "color_name": "pink", "image_url": "http://www.temptalia.com/wp-content/uploads/2014/04/chanel_89satisfaction004-400x355.jpg", "price": "$35.00", "price_per_ounce": 350.0}, {"full_text": "Limited Edition. $35.00/0.10 oz.", "brand": "Chanel", "name": "Mutine (90)", "url": "http://www.temptalia.com/product/chanel-rouge-coco-shine-hydrating-sheer-lipshine/mutine-90", "review": "B", "user_rating": "0", "permanence": "LE", "rgb": [189, 81, 87], "color_name": "pink", "image_url": "http://www.temptalia.com/wp-content/uploads/2014/04/chanel_90mutine004-400x355.jpg", "price": "$35.00", "price_per_ounce": 350.0}, {"full_text": "Permanent. $35.00/0.10 oz.", "brand": "Chanel", "name": "Boheme (91)", "url": "http://www.temptalia.com/product/chanel-rouge-coco-shine-hydrating-sheer-lipshine/boheme-91", "review": "B+", "user_rating": "4", "permanence": "P", "rgb": [201, 65, 62], "color_name": "pink", "image_url": "http://www.temptalia.com/wp-content/uploads/2014/04/chanel_91boheme004-400x355.jpg", "price": "$35.00", "price_per_ounce": 350.0}, {"full_text": "Limited Edition. $35.00/0.10 oz.", "brand": "Chanel", "name": "Emotion (92)", "url": "http://www.temptalia.com/product/chanel-rouge-coco-shine-hydrating-sheer-lipshine/emotion-92", "review": "A-", "user_rating": "0", "permanence": "LE", "rgb": [196, 68, 42], "color_name": "pink", "image_url": "http://www.temptalia.com/wp-content/uploads/2014/04/chanel_92emotion004-400x355.jpg", "price": "$35.00", "price_per_ounce": 350.0}, {"full_text": "Permanent. $21.00/0.40 oz.", "brand": "Too Faced", "name": "Melted Violet", "url": "http://www.temptalia.com/product/too-faced-melted-liquified-long-wear-lipstick/melted-violet", "review": "A+", "user_rating": "4", "permanence": "P", "rgb": [216, 168, 75], "color_name": "purple", "image_url": "http://www.temptalia.com/wp-content/uploads/2014/04/toofaced_meltedviolet004-400x355.jpg", "price": "$21.00", "price_per_ounce": 52.5}, {"full_text": "Permanent. $21.00/0.40 oz.", "brand": "Too Faced", "name": "Melted Fuchsia", "url": "http://www.temptalia.com/product/too-faced-melted-liquified-long-wear-lipstick/melted-fuchsia", "review": "A+", "user_rating": "4", "permanence": "P", "rgb": [243, 118, 1], "color_name": "fuchsia", "image_url": "http://www.temptalia.com/wp-content/uploads/2014/04/toofaced_meltedfuchsia004-400x355.jpg", "price": "$21.00", "price_per_ounce": 52.5}, {"full_text": "Permanent. $21.00/0.40 oz.", "brand": "Too Faced", "name": "Melted Ruby", "url": "http://www.temptalia.com/product/too-faced-melted-liquified-long-wear-lipstick/melted-ruby", "review": "A", "user_rating": "4", "permanence": "P", "rgb": [202, 15, 0], "color_name": "red", "image_url": "http://www.temptalia.com/wp-content/uploads/2014/04/toofaced_meltedruby004-400x355.jpg", "price": "$21.00", "price_per_ounce": 52.5}, {"full_text": "Permanent. $36.00/0.12 oz.", "brand": "Chanel", "name": "Conquise (144)", "url": "http://www.temptalia.com/product/chanel-rouge-allure-luminous-intense-lip-colour/conquise-144", "review": "A", "user_rating": "4", "permanence": "P", "rgb": [217, 69, 78], "color_name": "pink", "image_url": "http://www.temptalia.com/wp-content/uploads/2014/04/chanel_144conquise004-400x355.jpg", "price": "$36.00", "price_per_ounce": 300.0}, {"full_text": "Permanent. $36.00/0.12 oz.", "brand": "Chanel", "name": "Rayonnante (145)", "url": "http://www.temptalia.com/product/chanel-rouge-allure-luminous-intense-lip-colour/rayonnante-145", "review": "B+", "user_rating": "4", "permanence": "P", "rgb": [194, 74, 49], "color_name": "pink", "image_url": "http://www.temptalia.com/wp-content/uploads/2014/04/chanel_145rayonnante004-400x355.jpg", "price": "$36.00", "price_per_ounce": 300.0}, {"full_text": "Limited Edition. $23.00/0.11 oz.", "brand": "Laura Mercier", "name": "Heartbreaker", "url": "http://www.temptalia.com/product/laura-mercier-gel-lip-color/heartbreaker", "review": "C+", "user_rating": "0", "permanence": "LE", "rgb": [224, 105, 88], "color_name": "pink", "image_url": "http://www.temptalia.com/wp-content/uploads/2014/04/lauramercier_heartbreaker004-400x355.jpg", "price": "$23.00", "price_per_ounce": 209.0909090909091}, {"full_text": "Permanent. $34.00/0.12 oz.", "brand": "Chanel", "name": "Cheri (61)", "url": "http://www.temptalia.com/product/chanel-rouge-coco-hydrating-creme-lip-colour/cheri-61", "review": "B", "user_rating": "0", "permanence": "P", "rgb": [205, 88, 93], "color_name": "pink", "image_url": "http://www.temptalia.com/wp-content/uploads/2014/04/chanel_61cheri004-400x355.jpg", "price": "$34.00", "price_per_ounce": 283.33333333333337}, {"full_text": "Limited Edition. $34.00/0.12 oz.", "brand": "Chanel", "name": "Irresistible (62)", "url": "http://www.temptalia.com/product/chanel-rouge-coco-hydrating-creme-lip-colour/irresistible-62", "review": "B", "user_rating": "0", "permanence": "LE", "rgb": [184, 62, 57], "color_name": "pink", "image_url": "http://www.temptalia.com/wp-content/uploads/2014/04/chanel_62irresistible004-400x355.jpg", "price": "$34.00", "price_per_ounce": 283.33333333333337}, {"full_text": "Permanent. $36.00/0.12 oz.", "brand": "Chanel", "name": "La Malicieuse (46)", "url": "http://www.temptalia.com/product/chanel-rouge-allure-velvet/la-malicieuse-46", "review": "A", "user_rating": "5", "permanence": "P", "rgb": [226, 57, 36], "color_name": "pink", "image_url": "http://www.temptalia.com/wp-content/uploads/2014/04/chanel_46lamalicieuse004-400x355.jpg", "price": "$36.00", "price_per_ounce": 300.0}, {"full_text": "Permanent. $36.00/0.12 oz.", "brand": "Chanel", "name": "L'Amoureuse (47)", "url": "http://www.temptalia.com/product/chanel-rouge-allure-velvet/lamoureuse-47", "review": "B+", "user_rating": "4", "permanence": "P", "rgb": [198, 79, 49], "color_name": "pink", "image_url": "http://www.temptalia.com/wp-content/uploads/2014/04/chanel_47lamoureuse004-400x355.jpg", "price": "$36.00", "price_per_ounce": 300.0}, {"full_text": "Permanent. $17.00/0.10 oz.", "brand": "MAC", "name": "Lip Blossom", "url": "http://www.temptalia.com/product/mac-cosmetics-lipstick/lip-blossom", "review": "B+", "user_rating": "4", "permanence": "P", "rgb": [228, 91, 77], "color_name": "pink", "image_url": "http://www.temptalia.com/wp-content/uploads/2014/04/mac_lipblossom004-400x355.jpg", "price": "$17.00", "price_per_ounce": 170.0}, {"full_text": "Limited Edition. $51.00/0.12 oz.", "brand": "Guerlain", "name": "Gems", "url": "http://www.temptalia.com/product/guerlain-rouge-g-de-guerlain-lip-color/gems", "review": "-", "user_rating": "0", "permanence": "LE", "rgb": [210, 72, 68], "color_name": "pink", "image_url": "http://www.temptalia.com/wp-content/uploads/2009/11/guerlain_gems004-400x355.jpg", "price": "$51.00", "price_per_ounce": 425.0}, {"full_text": "Limited Edition. $49.00/0.10 oz.", "brand": "Tom Ford Beauty", "name": "Solar Gold", "url": "http://www.temptalia.com/product/tom-ford-beauty-lip-shimmer/solar-gold", "review": "C-", "user_rating": "0", "permanence": "LE", "rgb": [202, 80, 101], "color_name": "orange", "image_url": "http://www.temptalia.com/wp-content/uploads/2014/04/tomford_moonlight004-400x355.jpg", "price": "$49.00", "price_per_ounce": 490.0}, {"full_text": "Limited Edition. $49.00/0.10 oz.", "brand": "Tom Ford Beauty", "name": "Moonlight", "url": "http://www.temptalia.com/product/tom-ford-beauty-lip-shimmer/moonlight", "review": "D+", "user_rating": "0", "permanence": "LE", "rgb": [195, 114, 120], "color_name": "nude", "image_url": "http://www.temptalia.com/wp-content/uploads/2014/04/tomford_solargold004-400x355.jpg", "price": "$49.00", "price_per_ounce": 490.0}, {"full_text": "Permanent. $51.00/0.12 oz.", "brand": "Guerlain", "name": "Galiane (15)", "url": "http://www.temptalia.com/product/guerlain-rouge-g-de-guerlain-lip-color/galiane-15", "review": "A", "user_rating": "0", "permanence": "P", "rgb": [201, 96, 104], "color_name": "pink", "image_url": "http://www.temptalia.com/wp-content/uploads/2014/04/guerlain_15galiane004-400x355.jpg", "price": "$51.00", "price_per_ounce": 425.0}, {"full_text": "Permanent. $51.00/0.12 oz.", "brand": "Guerlain", "name": "Gaetane (16)", "url": "http://www.temptalia.com/product/guerlain-rouge-g-de-guerlain-lip-color/gaetane-16", "review": "A", "user_rating": "0", "permanence": "P", "rgb": [188, 30, 53], "color_name": "pink", "image_url": "http://www.temptalia.com/wp-content/uploads/2014/04/guerlain_16gaetane004-400x355.jpg", "price": "$51.00", "price_per_ounce": 425.0}, {"full_text": "Permanent. $51.00/0.12 oz.", "brand": "Guerlain", "name": "Gladys (78)", "url": "http://www.temptalia.com/product/guerlain-rouge-g-de-guerlain-lip-color/gladys-78", "review": "A+", "user_rating": "5", "permanence": "P", "rgb": [183, 41, 7], "color_name": "red", "image_url": "http://www.temptalia.com/wp-content/uploads/2014/04/guerlain_78gladys004-400x355.jpg", "price": "$51.00", "price_per_ounce": 425.0}, {"full_text": "Permanent. $51.00/0.12 oz.", "brand": "Guerlain", "name": "Geneva (48)", "url": "http://www.temptalia.com/product/guerlain-rouge-g-de-guerlain-lip-color/geneva-48", "review": "A+", "user_rating": "0", "permanence": "P", "rgb": [232, 58, 54], "color_name": "pink", "image_url": "http://www.temptalia.com/wp-content/uploads/2014/04/guerlain_48geneva004-400x355.jpg", "price": "$51.00", "price_per_ounce": 425.0}, {"full_text": "Permanent. $51.00/0.12 oz.", "brand": "Guerlain", "name": "Geraldine (77)", "url": "http://www.temptalia.com/product/guerlain-rouge-g-de-guerlain-lip-color/geraldine-77", "review": "A", "user_rating": "5", "permanence": "P", "rgb": [231, 102, 61], "color_name": "pink", "image_url": "http://www.temptalia.com/wp-content/uploads/2014/10/guerlain_geraldine004-400x355.jpg", "price": "$51.00", "price_per_ounce": 425.0}, {"full_text": "Limited Edition. $17.00/0.10 oz.", "brand": "MAC", "name": "Mangrove", "url": "http://www.temptalia.com/product/mac-cosmetics-lipstick/mangrove", "review": "A", "user_rating": "4", "permanence": "LE", "rgb": [231, 39, 40], "color_name": "pink", "image_url": "http://www.temptalia.com/wp-content/uploads/2014/04/mac_mangrove004-400x355.jpg", "price": "$17.00", "price_per_ounce": 170.0}, {"full_text": "Limited Edition. $17.00/0.10 oz.", "brand": "MAC", "name": "Pinkfringe", "url": "http://www.temptalia.com/product/mac-cosmetics-lipstick/pinkfringe", "review": "B+", "user_rating": "2", "permanence": "LE", "rgb": [231, 117, 85], "color_name": "pink", "image_url": "http://www.temptalia.com/wp-content/uploads/2014/04/mac_pinkfringe004-400x355.jpg", "price": "$17.00", "price_per_ounce": 170.0}, {"full_text": "Limited Edition. $17.00/0.10 oz.", "brand": "MAC", "name": "Primrose", "url": "http://www.temptalia.com/product/mac-cosmetics-lipstick/primrose", "review": "B", "user_rating": "4", "permanence": "LE", "rgb": [152, 46, 26], "color_name": "red", "image_url": "http://www.temptalia.com/wp-content/uploads/2014/04/mac_primrose004-400x355.jpg", "price": "$17.00", "price_per_ounce": 170.0}, {"full_text": "Limited Edition. $17.00/0.10 oz.", "brand": "MAC", "name": "Woodrose", "url": "http://www.temptalia.com/product/mac-cosmetics-lipstick/woodrose", "review": "B", "user_rating": "4", "permanence": "LE", "rgb": [214, 118, 122], "color_name": "pink", "image_url": "http://www.temptalia.com/wp-content/uploads/2014/04/mac_woodrose004-400x355.jpg", "price": "$17.00", "price_per_ounce": 170.0}, {"full_text": "Limited Edition. $17.00/0.10 oz.", "brand": "MAC", "name": "Head in the Clouds", "url": "http://www.temptalia.com/product/mac-cosmetics-lipstick/head-in-the-clouds", "review": "A", "user_rating": "5", "permanence": "LE", "rgb": [210, 15, 12], "color_name": "pink", "image_url": "http://www.temptalia.com/wp-content/uploads/2014/04/mac_headintheclouds004-400x355.jpg", "price": "$17.00", "price_per_ounce": 170.0}, {"full_text": "Limited Edition. $17.00/0.10 oz.", "brand": "MAC", "name": "Playland", "url": "http://www.temptalia.com/product/mac-cosmetics-lipstick/playland", "review": "D+", "user_rating": "2", "permanence": "LE", "rgb": [212, 91, 123], "color_name": "orange", "image_url": "http://www.temptalia.com/wp-content/uploads/2014/04/mac_playland004-400x355.jpg", "price": "$17.00", "price_per_ounce": 170.0}, {"full_text": "Limited Edition. $17.00/0.10 oz.", "brand": "MAC", "name": "Sweet Experience", "url": "http://www.temptalia.com/product/mac-cosmetics-lipstick/sweet-experience", "review": "A-", "user_rating": "5", "permanence": "LE", "rgb": [237, 157, 139], "color_name": "pink", "image_url": "http://www.temptalia.com/wp-content/uploads/2014/04/mac_sweetexperience004-400x355.jpg", "price": "$17.00", "price_per_ounce": 170.0}, {"full_text": "Limited Edition. $17.00/0.10 oz.", "brand": "MAC", "name": "Happy-Go-Lucky", "url": "http://www.temptalia.com/product/mac-cosmetics-lipstick/happy-go-lucky", "review": "A", "user_rating": "5", "permanence": "LE", "rgb": [247, 145, 64], "color_name": "fuchsia", "image_url": "http://www.temptalia.com/wp-content/uploads/2014/04/mac_happygolucky004-400x355.jpg", "price": "$17.00", "price_per_ounce": 170.0}, {"full_text": "Limited Edition. $17.00/0.10 oz.", "brand": "MAC", "name": "Red Balloon", "url": "http://www.temptalia.com/product/mac-cosmetics-lipstick/red-balloon", "review": "A", "user_rating": "5", "permanence": "LE", "rgb": [236, 84, 27], "color_name": "fuchsia", "image_url": "http://www.temptalia.com/wp-content/uploads/2014/04/mac_redballoon004-400x355.jpg", "price": "$17.00", "price_per_ounce": 170.0}, {"full_text": "Limited Edition. $17.00/0.10 oz.", "brand": "MAC", "name": "Toying Around", "url": "http://www.temptalia.com/product/mac-cosmetics-lipstick/toying-around", "review": "A", "user_rating": "4", "permanence": "LE", "rgb": [248, 77, 67], "color_name": "pink", "image_url": "http://www.temptalia.com/wp-content/uploads/2014/04/mac_toyingaround004-400x355.jpg", "price": "$17.00", "price_per_ounce": 170.0}, {"full_text": "Limited Edition. $51.00/0.12 oz.", "brand": "Guerlain", "name": "Rose Glace (866)", "url": "http://www.temptalia.com/product/guerlain-rouge-g-de-guerlain-lip-color/rose-glace-866", "review": "C", "user_rating": "5", "permanence": "LE", "rgb": [202, 107, 112], "color_name": "pink", "image_url": "http://www.temptalia.com/wp-content/uploads/2014/03/guerlain_roseglace005-400x355.jpg", "price": "$51.00", "price_per_ounce": 425.0}, {"full_text": "Limited Edition. $51.00/0.12 oz.", "brand": "Guerlain", "name": "Rose Grenat (864)", "url": "http://www.temptalia.com/product/guerlain-rouge-g-de-guerlain-lip-color/rose-grenat-864", "review": "A+", "user_rating": "4", "permanence": "LE", "rgb": [214, 47, 3], "color_name": "pink", "image_url": "http://www.temptalia.com/wp-content/uploads/2014/03/guerlain_rosegrenat005-400x355.jpg", "price": "$51.00", "price_per_ounce": 425.0}, {"full_text": "Limited Edition. $34.00/0.12 oz.", "brand": "Dior", "name": "Sunset (660)", "url": "http://www.temptalia.com/product/dior-rouge-dior-couture-colour-voluptuous-care-lipstick/sunset-660", "review": "-", "user_rating": "4", "permanence": "LE", "rgb": [234, 58, 50], "color_name": "pink", "image_url": "http://www.temptalia.com/wp-content/uploads/2014/03/dior_660sunset004-400x355.jpg", "price": "$34.00", "price_per_ounce": 283.33333333333337}, {"full_text": "Limited Edition. $22.00/0.09 oz.", "brand": "Urban Decay", "name": "Gash", "url": "http://www.temptalia.com/product/urban-decay-revolution-lipstick/gash", "review": "A", "user_rating": "5", "permanence": "LE", "rgb": [118, 12, 6], "color_name": "red", "image_url": "http://www.temptalia.com/wp-content/uploads/2014/03/urbandecay_gashlipstick005-400x355.jpg", "price": "$22.00", "price_per_ounce": 244.44444444444446}, {"full_text": "Permanent. $55.00/0.10 oz.", "brand": "Sisley Paris", "name": "Petal (L13)", "url": "http://www.temptalia.com/product/sisley-paris-phyto-rouge-hydrating-long-lasting-lipstick/petal-l13", "review": "A-", "user_rating": "0", "permanence": "P", "rgb": [203, 72, 67], "color_name": "pink", "image_url": "http://www.temptalia.com/wp-content/uploads/2014/03/sisley_l13lipstick004-400x355.jpg", "price": "$55.00", "price_per_ounce": 550.0}, {"full_text": "Limited Edition. $18.00/0.12 oz.", "brand": "Sephora + Pantone Universe", "name": "Radiant Rush", "url": "http://www.temptalia.com/product/sephora-pantone-universe-matte-lipstick/radiant-rush", "review": "A", "user_rating": "4", "permanence": "LE", "rgb": [211, 119, 28], "color_name": "fuchsia", "image_url": "http://www.temptalia.com/wp-content/uploads/2014/03/sephora_radiantrushlipstick008-400x355.jpg", "price": "$18.00", "price_per_ounce": 150.0}, {"full_text": "Permanent. $12.00/0.16 oz.", "brand": "Inglot", "name": "#293 Lipstick Cream", "url": "http://www.temptalia.com/product/inglot-lipstick-cream/293-lipstick-cream", "review": "A", "user_rating": "0", "permanence": "P", "rgb": [116, 32, 6], "color_name": "red", "image_url": "http://www.temptalia.com/wp-content/uploads/2014/03/inglot_293lipstick004-400x355.jpg", "price": "$12.00", "price_per_ounce": 75.0}, {"full_text": "Permanent. $26.00/0.14 oz.", "brand": "Illamasqua", "name": "Luster", "url": "http://www.temptalia.com/product/illamasqua-glamore-lipstick/luster", "review": "A", "user_rating": "4", "permanence": "P", "rgb": [221, 135, 65], "color_name": "fuchsia", "image_url": "http://www.temptalia.com/wp-content/uploads/2014/03/illamasqua_luster004-400x355.jpg", "price": "$26.00", "price_per_ounce": 185.7142857142857}, {"full_text": "Permanent. $26.00/0.14 oz.", "brand": "Illamasqua", "name": "Glissade", "url": "http://www.temptalia.com/product/illamasqua-glamore-lipstick/glissade", "review": "A", "user_rating": "5", "permanence": "P", "rgb": [197, 69, 6], "color_name": "fuchsia", "image_url": "http://www.temptalia.com/wp-content/uploads/2014/03/illamasqua_glissade004-400x355.jpg", "price": "$26.00", "price_per_ounce": 185.7142857142857}, {"full_text": "Permanent. $26.00/0.14 oz.", "brand": "Illamasqua", "name": "Soaked", "url": "http://www.temptalia.com/product/illamasqua-glamore-lipstick/soaked", "review": "A", "user_rating": "0", "permanence": "P", "rgb": [234, 19, 40], "color_name": "pink", "image_url": "http://www.temptalia.com/wp-content/uploads/2014/03/illamasqua_soaked004-400x355.jpg", "price": "$26.00", "price_per_ounce": 185.7142857142857}, {"full_text": "Permanent. $30.00/0.12 oz.", "brand": "Estee Lauder", "name": "Insatiable Ivory", "url": "http://www.temptalia.com/product/estee-lauder-pure-color-envy-sculpting-lipstick/insatiable-ivory", "review": "B+", "user_rating": "0", "permanence": "P", "rgb": [224, 101, 120], "color_name": "pink", "image_url": "http://www.temptalia.com/wp-content/uploads/2014/11/esteelauder_110insatiableivory004-400x355.jpg", "price": "$30.00", "price_per_ounce": 250.0}, {"full_text": "Permanent. $30.00/0.12 oz.", "brand": "Estee Lauder", "name": "Desirable", "url": "http://www.temptalia.com/product/estee-lauder-pure-color-envy-sculpting-lipstick/desirable", "review": "B+", "user_rating": "0", "permanence": "P", "rgb": [197, 98, 102], "color_name": "pink", "image_url": "http://www.temptalia.com/wp-content/uploads/2015/05/esteelauder_120desirable004-400x355.jpg", "price": "$30.00", "price_per_ounce": 250.0}, {"full_text": "Permanent. $30.00/0.12 oz.", "brand": "Estee Lauder", "name": "Intense Nude", "url": "http://www.temptalia.com/product/estee-lauder-pure-color-envy-sculpting-lipstick/intense-nude", "review": "A", "user_rating": "0", "permanence": "P", "rgb": [196, 76, 72], "color_name": "pink", "image_url": "http://www.temptalia.com/wp-content/uploads/2014/03/esteelauder_130intensenude004-400x355.jpg", "price": "$30.00", "price_per_ounce": 250.0}, {"full_text": "Permanent. $30.00/0.12 oz.", "brand": "Estee Lauder", "name": "Impulsive", "url": "http://www.temptalia.com/product/estee-lauder-pure-color-envy-sculpting-lipstick/impulsive", "review": "B+", "user_rating": "5", "permanence": "P", "rgb": [212, 99, 94], "color_name": "pink", "image_url": "http://www.temptalia.com/wp-content/uploads/2014/10/esteelauder_210impulsive004-400x355.jpg", "price": "$30.00", "price_per_ounce": 250.0}, {"full_text": "Permanent. $30.00/0.12 oz.", "brand": "Estee Lauder", "name": "Powerful", "url": "http://www.temptalia.com/product/estee-lauder-pure-color-envy-sculpting-lipstick/powerful", "review": "B+", "user_rating": "5", "permanence": "P", "rgb": [224, 123, 79], "color_name": "fuchsia", "image_url": "http://www.temptalia.com/wp-content/uploads/2014/05/esteelauder_220powerful004-400x355.jpg", "price": "$30.00", "price_per_ounce": 250.0}, {"full_text": "Permanent. $30.00/0.12 oz.", "brand": "Estee Lauder", "name": "Infamous", "url": "http://www.temptalia.com/product/estee-lauder-pure-color-envy-sculpting-lipstick/infamous", "review": "A", "user_rating": "4", "permanence": "P", "rgb": [239, 91, 30], "color_name": "fuchsia", "image_url": "http://www.temptalia.com/wp-content/uploads/2014/03/esteelauder_infamous004-400x355.jpg", "price": "$30.00", "price_per_ounce": 250.0}, {"full_text": "Permanent. $30.00/0.12 oz.", "brand": "Estee Lauder", "name": "Tumultuous Pink", "url": "http://www.temptalia.com/product/estee-lauder-pure-color-envy-sculpting-lipstick/tumultuous-pink", "review": "A+", "user_rating": "0", "permanence": "P", "rgb": [202, 52, 2], "color_name": "fuchsia", "image_url": "http://www.temptalia.com/wp-content/uploads/2014/05/esteelauder_240tumultuouspink004-400x355.jpg", "price": "$30.00", "price_per_ounce": 250.0}, {"full_text": "Permanent. $30.00/0.12 oz.", "brand": "Estee Lauder", "name": "Red Ego", "url": "http://www.temptalia.com/product/estee-lauder-pure-color-envy-sculpting-lipstick/red-ego", "review": "A", "user_rating": "0", "permanence": "P", "rgb": [142, 14, 11], "color_name": "red", "image_url": "http://www.temptalia.com/wp-content/uploads/2014/11/esteelauder_250redego004-400x355.jpg", "price": "$30.00", "price_per_ounce": 250.0}, {"full_text": "Permanent. $30.00/0.12 oz.", "brand": "Estee Lauder", "name": "Potent", "url": "http://www.temptalia.com/product/estee-lauder-pure-color-envy-sculpting-lipstick/potent", "review": "A-", "user_rating": "4", "permanence": "P", "rgb": [231, 116, 110], "color_name": "pink", "image_url": "http://www.temptalia.com/wp-content/uploads/2014/03/esteelauder_310potent004-400x355.jpg", "price": "$30.00", "price_per_ounce": 250.0}, {"full_text": "Permanent. $30.00/0.12 oz.", "brand": "Estee Lauder", "name": "Defiant Coral", "url": "http://www.temptalia.com/product/estee-lauder-pure-color-envy-sculpting-lipstick/defiant-coral", "review": "A", "user_rating": "4", "permanence": "P", "rgb": [241, 52, 41], "color_name": "pink", "image_url": "http://www.temptalia.com/wp-content/uploads/2014/03/esteelauder_defiantcoral004-400x355.jpg", "price": "$30.00", "price_per_ounce": 250.0}, {"full_text": "Permanent. $30.00/0.12 oz.", "brand": "Estee Lauder", "name": "Impassioned", "url": "http://www.temptalia.com/product/estee-lauder-pure-color-envy-sculpting-lipstick/impassioned", "review": "A", "user_rating": "0", "permanence": "P", "rgb": [228, 27, 33], "color_name": "pink", "image_url": "http://www.temptalia.com/wp-content/uploads/2014/05/esteelauder_330impassioned004-400x355.jpg", "price": "$30.00", "price_per_ounce": 250.0}, {"full_text": "Permanent. $30.00/0.12 oz.", "brand": "Estee Lauder", "name": "Envious", "url": "http://www.temptalia.com/product/estee-lauder-pure-color-envy-sculpting-lipstick/envious", "review": "A+", "user_rating": "0", "permanence": "P", "rgb": [204, 31, 24], "color_name": "pink", "image_url": "http://www.temptalia.com/wp-content/uploads/2014/05/esteelauder_340envious004-400x355.jpg", "price": "$30.00", "price_per_ounce": 250.0}, {"full_text": "Permanent. $30.00/0.12 oz.", "brand": "Estee Lauder", "name": "Vengeful Red", "url": "http://www.temptalia.com/product/estee-lauder-pure-color-envy-sculpting-lipstick/vengeful-red", "review": "A+", "user_rating": "5", "permanence": "P", "rgb": [170, 8, 1], "color_name": "red", "image_url": "http://www.temptalia.com/wp-content/uploads/2014/03/esteelauder_vengefulred004-400x355.jpg", "price": "$30.00", "price_per_ounce": 250.0}, {"full_text": "Permanent. $30.00/0.12 oz.", "brand": "Estee Lauder", "name": "Dynamic", "url": "http://www.temptalia.com/product/estee-lauder-pure-color-envy-sculpting-lipstick/dynamic", "review": "A", "user_rating": "4", "permanence": "P", "rgb": [200, 68, 61], "color_name": "pink", "image_url": "http://www.temptalia.com/wp-content/uploads/2014/05/esteelauder_dynamic004-400x355.jpg", "price": "$30.00", "price_per_ounce": 250.0}, {"full_text": "Permanent. $30.00/0.12 oz.", "brand": "Estee Lauder", "name": "Rebellious Rose", "url": "http://www.temptalia.com/product/estee-lauder-pure-color-envy-sculpting-lipstick/rebellious-rose", "review": "A", "user_rating": "0", "permanence": "P", "rgb": [201, 60, 49], "color_name": "pink", "image_url": "http://www.temptalia.com/wp-content/uploads/2014/05/esteelauder_420rebelliousrose004-400x355.jpg", "price": "$30.00", "price_per_ounce": 250.0}, {"full_text": "Permanent. $30.00/0.12 oz.", "brand": "Estee Lauder", "name": "Dominant", "url": "http://www.temptalia.com/product/estee-lauder-pure-color-envy-sculpting-lipstick/dominant", "review": "A+", "user_rating": "0", "permanence": "P", "rgb": [211, 63, 2], "color_name": "fuchsia", "image_url": "http://www.temptalia.com/wp-content/uploads/2014/03/esteelauder_dominant004-400x355.jpg", "price": "$30.00", "price_per_ounce": 250.0}, {"full_text": "Permanent. $30.00/0.12 oz.", "brand": "Estee Lauder", "name": "Irresistible", "url": "http://www.temptalia.com/product/estee-lauder-pure-color-envy-sculpting-lipstick/irresistible", "review": "A", "user_rating": "5", "permanence": "P", "rgb": [184, 67, 64], "color_name": "pink", "image_url": "http://www.temptalia.com/wp-content/uploads/2014/11/esteelauder_440irresistible004-400x355.jpg", "price": "$30.00", "price_per_ounce": 250.0}, {"full_text": "Permanent. $30.00/0.12 oz.", "brand": "Estee Lauder", "name": "Insolent Plum", "url": "http://www.temptalia.com/product/estee-lauder-pure-color-envy-sculpting-lipstick/insolent-plum", "review": "B+", "user_rating": "4", "permanence": "P", "rgb": [154, 39, 3], "color_name": "red", "image_url": "http://www.temptalia.com/wp-content/uploads/2014/11/esteelauder_450insolentplum004-400x355.jpg", "price": "$30.00", "price_per_ounce": 250.0}, {"full_text": "Permanent. $30.00/0.12 oz.", "brand": "Estee Lauder", "name": "Brazen", "url": "http://www.temptalia.com/product/estee-lauder-pure-color-envy-sculpting-lipstick/brazen", "review": "C+", "user_rating": "0", "permanence": "P", "rgb": [75, 18, 11], "color_name": "burgundy", "image_url": "http://www.temptalia.com/wp-content/uploads/2015/05/esteelauder_brazen004-400x355.jpg", "price": "$30.00", "price_per_ounce": 250.0}, {"full_text": "Limited Edition. $7.99/0.13 oz.", "brand": "Revlon", "name": "Jungle Peach", "url": "http://www.temptalia.com/product/revlon-super-lustrous-lipstick/jungle-peach", "review": "B+", "user_rating": "3", "permanence": "LE", "rgb": [226, 90, 106], "color_name": "pink", "image_url": "http://www.temptalia.com/wp-content/uploads/2014/03/revlon_junglepeach004-400x355.jpg", "price": "$7.99", "price_per_ounce": 61.46153846153846}, {"full_text": "Limited Edition. $7.99/0.13 oz.", "brand": "Revlon", "name": "Sandstorm", "url": "http://www.temptalia.com/product/revlon-super-lustrous-lipstick/sandstorm", "review": "B", "user_rating": "0", "permanence": "LE", "rgb": [165, 30, 38], "color_name": "red", "image_url": "http://www.temptalia.com/wp-content/uploads/2014/03/revlon_sandstorm004-400x355.jpg", "price": "$7.99", "price_per_ounce": 61.46153846153846}, {"full_text": "Limited Edition. $7.99/0.13 oz.", "brand": "Revlon", "name": "Snow Peach", "url": "http://www.temptalia.com/product/revlon-super-lustrous-lipstick/snow-peach", "review": "A", "user_rating": "4", "permanence": "LE", "rgb": [229, 71, 57], "color_name": "pink", "image_url": "http://www.temptalia.com/wp-content/uploads/2014/03/revlon_snowpeach004-400x355.jpg", "price": "$7.99", "price_per_ounce": 61.46153846153846}, {"full_text": "Limited Edition. $7.99/0.13 oz.", "brand": "Revlon", "name": "5th Ave. Red", "url": "http://www.temptalia.com/product/revlon-super-lustrous-lipstick/5th-ave-red", "review": "A", "user_rating": "5", "permanence": "LE", "rgb": [173, 23, 16], "color_name": "red", "image_url": "http://www.temptalia.com/wp-content/uploads/2014/03/revlon_fifthavered004-400x355.jpg", "price": "$7.99", "price_per_ounce": 61.46153846153846}, {"full_text": "Limited Edition. $7.99/0.13 oz.", "brand": "Revlon", "name": "Icy Violet", "url": "http://www.temptalia.com/product/revlon-super-lustrous-lipstick/icy-violet", "review": "B+", "user_rating": "0", "permanence": "LE", "rgb": [185, 74, 64], "color_name": "pink", "image_url": "http://www.temptalia.com/wp-content/uploads/2014/03/revlon_icyviolet004-400x355.jpg", "price": "$7.99", "price_per_ounce": 61.46153846153846}, {"full_text": "Permanent. $22.00/0.14 oz.", "brand": "MAC", "name": "Good Taste", "url": "http://www.temptalia.com/product/mac-cosmetics-mineralize-rich-lipstick/good-taste", "review": "A", "user_rating": "4", "permanence": "P", "rgb": [209, 78, 25], "color_name": "fuchsia", "image_url": "http://www.temptalia.com/wp-content/uploads/2014/03/mac_goodtaste004-400x355.jpg", "price": "$22.00", "price_per_ounce": 157.14285714285714}, {"full_text": "Permanent. $22.00/0.14 oz.", "brand": "MAC", "name": "Pure Pout", "url": "http://www.temptalia.com/product/mac-cosmetics-mineralize-rich-lipstick/pure-pout", "review": "B", "user_rating": "0", "permanence": "P", "rgb": [205, 93, 94], "color_name": "pink", "image_url": "http://www.temptalia.com/wp-content/uploads/2014/03/mac_purepout004-400x355.jpg", "price": "$22.00", "price_per_ounce": 157.14285714285714}, {"full_text": "Permanent. $22.00/0.14 oz.", "brand": "MAC", "name": "So Good", "url": "http://www.temptalia.com/product/mac-cosmetics-mineralize-rich-lipstick/so-good", "review": "A", "user_rating": "0", "permanence": "P", "rgb": [181, 40, 3], "color_name": "red", "image_url": "http://www.temptalia.com/wp-content/uploads/2014/03/mac_sogood004-400x355.jpg", "price": "$22.00", "price_per_ounce": 157.14285714285714}, {"full_text": "Permanent. $22.00/0.14 oz.", "brand": "MAC", "name": "Be a Lady", "url": "http://www.temptalia.com/product/mac-cosmetics-mineralize-rich-lipstick/be-a-lady", "review": "A", "user_rating": "5", "permanence": "P", "rgb": [224, 85, 63], "color_name": "pink", "image_url": "http://www.temptalia.com/wp-content/uploads/2014/02/mac_bealady004-400x355.jpg", "price": "$22.00", "price_per_ounce": 157.14285714285714}, {"full_text": "Permanent. $22.00/0.14 oz.", "brand": "MAC", "name": "Be Fabulous", "url": "http://www.temptalia.com/product/mac-cosmetics-mineralize-rich-lipstick/be-fabulous", "review": "C+", "user_rating": "0", "permanence": "P", "rgb": [209, 135, 121], "color_name": "pink", "image_url": "http://www.temptalia.com/wp-content/uploads/2014/02/mac_befabulous004-400x355.jpg", "price": "$22.00", "price_per_ounce": 157.14285714285714}, {"full_text": "Permanent. $22.00/0.14 oz.", "brand": "MAC", "name": "Bold Spring", "url": "http://www.temptalia.com/product/mac-cosmetics-mineralize-rich-lipstick/bold-spring", "review": "B", "user_rating": "4", "permanence": "P", "rgb": [207, 108, 47], "color_name": "fuchsia", "image_url": "http://www.temptalia.com/wp-content/uploads/2014/02/mac_boldspring004-400x355.jpg", "price": "$22.00", "price_per_ounce": 157.14285714285714}, {"full_text": "Limited Edition. $36.00/0.12 oz.", "brand": "Chanel", "name": "Fleurie (139)", "url": "http://www.temptalia.com/product/chanel-rouge-allure-luminous-intense-lip-colour/fleurie-139", "review": "A-", "user_rating": "0", "permanence": "LE", "rgb": [194, 73, 56], "color_name": "pink", "image_url": "http://www.temptalia.com/wp-content/uploads/2014/02/chanel_139fleurie004-400x355.jpg", "price": "$36.00", "price_per_ounce": 300.0}, {"full_text": "Limited Edition. $36.00/0.12 oz.", "brand": "Chanel", "name": "Charmeuse (142)", "url": "http://www.temptalia.com/product/chanel-rouge-allure-luminous-intense-lip-colour/charmeuse-142", "review": "B+", "user_rating": "0", "permanence": "LE", "rgb": [209, 101, 110], "color_name": "pink", "image_url": "http://www.temptalia.com/wp-content/uploads/2014/02/chanel_142charmeuse004-400x355.jpg", "price": "$36.00", "price_per_ounce": 300.0}, {"full_text": "Permanent. $34.00/0.14 oz.", "brand": "YSL", "name": "Rose Asarine (34)", "url": "http://www.temptalia.com/product/yves-saint-laurent-rouge-volupte/rose-asarine-34", "review": "A", "user_rating": "0", "permanence": "P", "rgb": [214, 54, 22], "color_name": "pink", "image_url": "http://www.temptalia.com/wp-content/uploads/2014/02/ysl_34roseasraine005-400x355.jpg", "price": "$34.00", "price_per_ounce": 242.85714285714283}, {"full_text": "Permanent. $34.00/0.14 oz.", "brand": "YSL", "name": "Corail Jalouse (32)", "url": "http://www.temptalia.com/product/yves-saint-laurent-rouge-volupte/corail-jalouse-32", "review": "A-", "user_rating": "0", "permanence": "P", "rgb": [207, 80, 68], "color_name": "pink", "image_url": "http://www.temptalia.com/wp-content/uploads/2014/02/ysl_32corailjalouse005-400x355.jpg", "price": "$34.00", "price_per_ounce": 242.85714285714283}, {"full_text": "Permanent. $8.99/0.10 oz.", "brand": "Revlon", "name": "Flirtatious (125)", "url": "http://www.temptalia.com/product/revlon-colorburst-lacquer-balm/flirtatious-125", "review": "A", "user_rating": "0", "permanence": "P", "rgb": [173, 34, 12], "color_name": "red", "image_url": "http://www.temptalia.com/wp-content/uploads/2014/02/revlon_125flirtatious005-400x355.jpg", "price": "$8.99", "price_per_ounce": 89.89999999999999}, {"full_text": "Permanent. $8.99/0.10 oz.", "brand": "Revlon", "name": "Ingenue (145)", "url": "http://www.temptalia.com/product/revlon-colorburst-lacquer-balm/ingenue-145", "review": "B-", "user_rating": "0", "permanence": "P", "rgb": [182, 67, 75], "color_name": "pink", "image_url": "http://www.temptalia.com/wp-content/uploads/2014/02/revlon_145ingenue005-400x355.jpg", "price": "$8.99", "price_per_ounce": 89.89999999999999}, {"full_text": "Permanent. $8.99/0.10 oz.", "brand": "Revlon", "name": "Demure (105)", "url": "http://www.temptalia.com/product/revlon-colorburst-lacquer-balm/demure-105", "review": "B-", "user_rating": "0", "permanence": "P", "rgb": [184, 82, 80], "color_name": "nude", "image_url": "http://www.temptalia.com/wp-content/uploads/2014/02/revlon_105demure005-400x355.jpg", "price": "$8.99", "price_per_ounce": 89.89999999999999}, {"full_text": "Permanent. $34.00/0.14 oz.", "brand": "YSL", "name": "Fuchsia Tourbillon (31)", "url": "http://www.temptalia.com/product/yves-saint-laurent-rouge-volupte/fuchsia-tourbillon-31", "review": "A", "user_rating": "5", "permanence": "P", "rgb": [215, 99, 35], "color_name": "fuchsia", "image_url": "http://www.temptalia.com/wp-content/uploads/2014/02/ysl_31fuchsiatourbillon005-400x355.jpg", "price": "$34.00", "price_per_ounce": 242.85714285714283}, {"full_text": "Permanent. $24.00/0.13 oz.", "brand": "Bite Beauty", "name": "Violet", "url": "http://www.temptalia.com/product/bite-beauty-luminous-creme-lipstick/violet", "review": "A+", "user_rating": "5", "permanence": "P", "rgb": [214, 126, 27], "color_name": "purple", "image_url": "http://www.temptalia.com/wp-content/uploads/2014/05/bitebeauty_violet004-400x355.jpg", "price": "$24.00", "price_per_ounce": 184.6153846153846}, {"full_text": "Limited Edition. $24.00/0.05 oz.", "brand": "Bite Beauty", "name": "Satsuma", "url": "http://www.temptalia.com/product/bite-beauty-matte-creme-lip-crayon/satsuma", "review": "A", "user_rating": "1", "permanence": "LE", "rgb": [225, 116, 33], "color_name": "fuchsia", "image_url": "http://www.temptalia.com/wp-content/uploads/2014/04/bitebeauty_satsumacrayon005-400x355.jpg", "price": "$24.00", "price_per_ounce": 480.0}, {"full_text": "Limited Edition. $24.00/0.05 oz.", "brand": "Bite Beauty", "name": "Kumquat", "url": "http://www.temptalia.com/product/bite-beauty-matte-creme-lip-crayon/kumquat", "review": "A", "user_rating": "0", "permanence": "LE", "rgb": [247, 152, 98], "color_name": "fuchsia", "image_url": "http://www.temptalia.com/wp-content/uploads/2014/04/bitebeauty_kumquat005-400x355.jpg", "price": "$24.00", "price_per_ounce": 480.0}, {"full_text": "Limited Edition. $24.00/0.05 oz.", "brand": "Bite Beauty", "name": "Sweety", "url": "http://www.temptalia.com/product/bite-beauty-matte-creme-lip-crayon/sweety", "review": "A", "user_rating": "0", "permanence": "LE", "rgb": [242, 120, 80], "color_name": "pink", "image_url": "http://www.temptalia.com/wp-content/uploads/2014/04/bitebeauty_sweetycrayon005-400x355.jpg", "price": "$24.00", "price_per_ounce": 480.0}, {"full_text": "Limited Edition. $24.00/0.05 oz.", "brand": "Bite Beauty", "name": "Clementine", "url": "http://www.temptalia.com/product/bite-beauty-matte-creme-lip-crayon/clementine", "review": "A+", "user_rating": "0", "permanence": "LE", "rgb": [229, 20, 41], "color_name": "pink", "image_url": "http://www.temptalia.com/wp-content/uploads/2014/04/bitebeauty_clementine005-400x355.jpg", "price": "$24.00", "price_per_ounce": 480.0}, {"full_text": "Limited Edition. $24.00/0.05 oz.", "brand": "Bite Beauty", "name": "Blood Orange", "url": "http://www.temptalia.com/product/bite-beauty-matte-creme-lip-crayon/blood-orange", "review": "A", "user_rating": "4", "permanence": "LE", "rgb": [236, 34, 42], "color_name": "pink", "image_url": "http://www.temptalia.com/wp-content/uploads/2014/04/bitebeauty_bloodorange005-400x355.jpg", "price": "$24.00", "price_per_ounce": 480.0}, {"full_text": "Limited Edition. $24.00/0.05 oz.", "brand": "Bite Beauty", "name": "Grape", "url": "http://www.temptalia.com/product/bite-beauty-matte-creme-lip-crayon/grape", "review": "A+", "user_rating": "0", "permanence": "LE", "rgb": [211, 136, 52], "color_name": "purple", "image_url": "http://www.temptalia.com/wp-content/uploads/2014/04/bitebeauty_grapecrayon008-400x355.jpg", "price": "$24.00", "price_per_ounce": 480.0}, {"full_text": "Permanent. $28.00/0.26 oz.", "brand": "Bite Beauty", "name": "Moscato", "url": "http://www.temptalia.com/product/bite-beauty-cashmere-lip-cream/moscato", "review": "A", "user_rating": "4", "permanence": "P", "rgb": [249, 127, 20], "color_name": "fuchsia", "image_url": "http://www.temptalia.com/wp-content/uploads/2014/03/bitebeauty_moscatolipcashmere004-400x355.jpg", "price": "$28.00", "price_per_ounce": 107.6923076923077}, {"full_text": "Permanent. $28.00/0.26 oz.", "brand": "Bite Beauty", "name": "Crush", "url": "http://www.temptalia.com/product/bite-beauty-cashmere-lip-cream/crush", "review": "A", "user_rating": "5", "permanence": "P", "rgb": [243, 59, 48], "color_name": "pink", "image_url": "http://www.temptalia.com/wp-content/uploads/2014/04/bitebeauty_crushlipcashmere004-400x355.jpg", "price": "$28.00", "price_per_ounce": 107.6923076923077}, {"full_text": "Permanent. $28.00/0.26 oz.", "brand": "Bite Beauty", "name": "Crianza", "url": "http://www.temptalia.com/product/bite-beauty-cashmere-lip-cream/crianza", "review": "A", "user_rating": "0", "permanence": "P", "rgb": [201, 52, 7], "color_name": "pink", "image_url": "http://www.temptalia.com/wp-content/uploads/2014/05/bitebeauty_crianzacashmere004-400x355.jpg", "price": "$28.00", "price_per_ounce": 107.6923076923077}, {"full_text": "Permanent. $28.00/0.26 oz.", "brand": "Bite Beauty", "name": "Rioja", "url": "http://www.temptalia.com/product/bite-beauty-cashmere-lip-cream/rioja", "review": "A", "user_rating": "0", "permanence": "P", "rgb": [194, 21, 8], "color_name": "red", "image_url": "http://www.temptalia.com/wp-content/uploads/2014/05/bitebeauty_riojacashmere004-400x355.jpg", "price": "$28.00", "price_per_ounce": 107.6923076923077}, {"full_text": "Permanent. $28.00/0.26 oz.", "brand": "Bite Beauty", "name": "Bordeaux", "url": "http://www.temptalia.com/product/bite-beauty-cashmere-lip-cream/bordeaux", "review": "A", "user_rating": "5", "permanence": "P", "rgb": [83, 21, 7], "color_name": "burgundy", "image_url": "http://www.temptalia.com/wp-content/uploads/2014/03/bitebeauty_bordeauxcashmere007-400x355.jpg", "price": "$28.00", "price_per_ounce": 107.6923076923077}, {"full_text": "Permanent. $28.00/0.26 oz.", "brand": "Bite Beauty", "name": "Burgundy", "url": "http://www.temptalia.com/product/bite-beauty-cashmere-lip-cream/burgundy", "review": "A", "user_rating": "0", "permanence": "P", "rgb": [119, 55, 10], "color_name": "fuchsia", "image_url": "http://www.temptalia.com/wp-content/uploads/2014/05/bitebeauty_burgundycashmere004-400x355.jpg", "price": "$28.00", "price_per_ounce": 107.6923076923077}, {"full_text": "Permanent. $24.00/0.13 oz.", "brand": "Bite Beauty", "name": "Musk", "url": "http://www.temptalia.com/product/bite-beauty-luminous-creme-lipstick/musk", "review": "B+", "user_rating": "4", "permanence": "P", "rgb": [197, 90, 94], "color_name": "pink", "image_url": "http://www.temptalia.com/wp-content/uploads/2014/05/bitebeauty_musk004-400x355.jpg", "price": "$24.00", "price_per_ounce": 184.6153846153846}, {"full_text": "Permanent. $24.00/0.13 oz.", "brand": "Bite Beauty", "name": "Vigne", "url": "http://www.temptalia.com/product/bite-beauty-luminous-creme-lipstick/vigne", "review": "A", "user_rating": "5", "permanence": "P", "rgb": [224, 90, 41], "color_name": "fuchsia", "image_url": "http://www.temptalia.com/wp-content/uploads/2014/05/bitebeauty_vigne004-400x355.jpg", "price": "$24.00", "price_per_ounce": 184.6153846153846}, {"full_text": "Permanent. $24.00/0.13 oz.", "brand": "Bite Beauty", "name": "Cin Cin", "url": "http://www.temptalia.com/product/bite-beauty-luminous-creme-lipstick/cin-cin", "review": "A", "user_rating": "4", "permanence": "P", "rgb": [213, 42, 53], "color_name": "pink", "image_url": "http://www.temptalia.com/wp-content/uploads/2014/05/bitebeauty_cincin004-400x355.jpg", "price": "$24.00", "price_per_ounce": 184.6153846153846}, {"full_text": "Permanent. $20.00/0.22 oz.", "brand": "Kat Von D", "name": "Armageddon", "url": "http://www.temptalia.com/product/kat-von-d-everlasting-liquid-lipstick/armageddon", "review": "A", "user_rating": "4", "permanence": "P", "rgb": [228, 173, 96], "color_name": "purple", "image_url": "http://www.temptalia.com/wp-content/uploads/2014/02/katvond_armageddon007-400x355.jpg", "price": "$20.00", "price_per_ounce": 90.9090909090909}, {"full_text": "Permanent. $20.00/0.22 oz.", "brand": "Kat Von D", "name": "Underage Red", "url": "http://www.temptalia.com/product/kat-von-d-everlasting-liquid-lipstick/underage-red", "review": "A", "user_rating": "5", "permanence": "P", "rgb": [196, 18, 17], "color_name": "pink", "image_url": "http://www.temptalia.com/wp-content/uploads/2014/02/katvond_underagered005-400x355.jpg", "price": "$20.00", "price_per_ounce": 90.9090909090909}, {"full_text": "Permanent. $26.00/0.12 oz.", "brand": "Bobbi Brown", "name": "Ballerina Shimmer (12)", "url": "http://www.temptalia.com/product/bobbi-brown-lip-color/ballerina-shimmer-12", "review": "B+", "user_rating": "0", "permanence": "P", "rgb": [203, 79, 67], "color_name": "pink", "image_url": "http://www.temptalia.com/wp-content/uploads/2014/02/bobbibrown_12ballerinashimmer004-400x355.jpg", "price": "$26.00", "price_per_ounce": 216.66666666666669}, {"full_text": "Permanent. $26.00/0.12 oz.", "brand": "Bobbi Brown", "name": "Calypso Shimmer (10)", "url": "http://www.temptalia.com/product/bobbi-brown-lip-color/calypso-shimmer-10", "review": "B-", "user_rating": "0", "permanence": "P", "rgb": [200, 66, 75], "color_name": "pink", "image_url": "http://www.temptalia.com/wp-content/uploads/2014/02/bobbibrown_10calypsoshimmer004-400x355.jpg", "price": "$26.00", "price_per_ounce": 216.66666666666669}, {"full_text": "Permanent. $26.00/0.12 oz.", "brand": "Bobbi Brown", "name": "Pink Gold Shimmer (7)", "url": "http://www.temptalia.com/product/bobbi-brown-lip-color/pink-gold-shimmer-7", "review": "B", "user_rating": "0", "permanence": "P", "rgb": [196, 85, 94], "color_name": "pink", "image_url": "http://www.temptalia.com/wp-content/uploads/2014/02/bobbibrown_7pinkgold004-400x355.jpg", "price": "$26.00", "price_per_ounce": 216.66666666666669}, {"full_text": "Permanent. $50.00/0.10 oz.", "brand": "Tom Ford Beauty", "name": "Sweet Spot (05)", "url": "http://www.temptalia.com/product/tom-ford-beauty-lip-color-sheer/sweet-spot-05", "review": "B", "user_rating": "0", "permanence": "P", "rgb": [210, 56, 65], "color_name": "pink", "image_url": "http://www.temptalia.com/wp-content/uploads/2014/02/tomford_05sweetspot004-400x355.jpg", "price": "$50.00", "price_per_ounce": 500.0}, {"full_text": "Limited Edition. $50.00/0.10 oz.", "brand": "Tom Ford Beauty", "name": "Firecracker (06)", "url": "http://www.temptalia.com/product/tom-ford-beauty-lip-color-sheer/firecracker-06", "review": "A-", "user_rating": "0", "permanence": "LE", "rgb": [231, 10, 29], "color_name": "pink", "image_url": "http://www.temptalia.com/wp-content/uploads/2014/02/tomford_06firecracker004-400x355.jpg", "price": "$50.00", "price_per_ounce": 500.0}, {"full_text": "Permanent. $50.00/0.10 oz.", "brand": "Tom Ford Beauty", "name": "Paradiso (07)", "url": "http://www.temptalia.com/product/tom-ford-beauty-lip-color-sheer/paradiso-07", "review": "B+", "user_rating": "2", "permanence": "P", "rgb": [231, 79, 56], "color_name": "pink", "image_url": "http://www.temptalia.com/wp-content/uploads/2014/02/tomford_07paradiso004-400x355.jpg", "price": "$50.00", "price_per_ounce": 500.0}, {"full_text": "Limited Edition. $50.00/0.10 oz.", "brand": "Tom Ford Beauty", "name": "Incorrigible (08)", "url": "http://www.temptalia.com/product/tom-ford-beauty-lip-color-sheer/incorrigible-08", "review": "B+", "user_rating": "0", "permanence": "LE", "rgb": [229, 91, 31], "color_name": "fuchsia", "image_url": "http://www.temptalia.com/wp-content/uploads/2014/02/tomford_08incorrigible004-400x355.jpg", "price": "$50.00", "price_per_ounce": 500.0}, {"full_text": "Limited Edition. $50.00/0.10 oz.", "brand": "Tom Ford Beauty", "name": "Summer Fling (04)", "url": "http://www.temptalia.com/product/tom-ford-beauty-lip-color-sheer/summer-fling-04", "review": "B+", "user_rating": "0", "permanence": "LE", "rgb": [209, 92, 82], "color_name": "pink", "image_url": "http://www.temptalia.com/wp-content/uploads/2014/02/tomford_04summerfling004-400x355.jpg", "price": "$50.00", "price_per_ounce": 500.0}, {"full_text": "Limited Edition. $50.00/0.10 oz.", "brand": "Tom Ford Beauty", "name": "In the Buff (01)", "url": "http://www.temptalia.com/product/tom-ford-beauty-lip-color-sheer/in-the-buff-01", "review": "B+", "user_rating": "0", "permanence": "LE", "rgb": [204, 91, 105], "color_name": "pink", "image_url": "http://www.temptalia.com/wp-content/uploads/2014/02/tomford_01inthebuff004-400x355.jpg", "price": "$50.00", "price_per_ounce": 500.0}, {"full_text": "Limited Edition. $50.00/0.10 oz.", "brand": "Tom Ford Beauty", "name": "Pink Dune (02)", "url": "http://www.temptalia.com/product/tom-ford-beauty-lip-color-sheer/pink-dune-02", "review": "A-", "user_rating": "0", "permanence": "LE", "rgb": [200, 70, 83], "color_name": "pink", "image_url": "http://www.temptalia.com/wp-content/uploads/2014/02/tomford_02pinkdune004-400x355.jpg", "price": "$50.00", "price_per_ounce": 500.0}, {"full_text": "Limited Edition. $50.00/0.10 oz.", "brand": "Tom Ford Beauty", "name": "Bittersweet (03)", "url": "http://www.temptalia.com/product/tom-ford-beauty-lip-color-sheer/bittersweet-03", "review": "A", "user_rating": "0", "permanence": "LE", "rgb": [161, 42, 44], "color_name": "red", "image_url": "http://www.temptalia.com/wp-content/uploads/2014/02/tomford_03bittersweet004-400x355.jpg", "price": "$50.00", "price_per_ounce": 500.0}, {"full_text": "Limited Edition. $17.00/0.12 oz.", "brand": "MAC", "name": "Quite the Thing!", "url": "http://www.temptalia.com/product/mac-cosmetics-sheen-supreme-lipstick/quite-the-thing", "review": "B+", "user_rating": "3", "permanence": "LE", "rgb": [189, 70, 36], "color_name": "pink", "image_url": "http://www.temptalia.com/wp-content/uploads/2014/06/mac_quitethething004-400x355.jpg", "price": "$17.00", "price_per_ounce": 141.66666666666669}, {"full_text": "Limited Edition. $17.00/0.10 oz.", "brand": "MAC", "name": "Dreaming Dahlia", "url": "http://www.temptalia.com/product/mac-cosmetics-lipstick/dreaming-dahlia", "review": "B+", "user_rating": "4", "permanence": "LE", "rgb": [221, 65, 71], "color_name": "pink", "image_url": "http://www.temptalia.com/wp-content/uploads/2014/01/mac_dreamingdahlia004-400x355.jpg", "price": "$17.00", "price_per_ounce": 170.0}, {"full_text": "Limited Edition. $17.00/0.10 oz.", "brand": "MAC", "name": "Fleur d'Coral", "url": "http://www.temptalia.com/product/mac-cosmetics-lipstick/fleur-dcoral", "review": "B", "user_rating": "5", "permanence": "LE", "rgb": [212, 117, 124], "color_name": "pink", "image_url": "http://www.temptalia.com/wp-content/uploads/2014/01/mac_fleurdcoral004-400x355.jpg", "price": "$17.00", "price_per_ounce": 170.0}, {"full_text": "Limited Edition. $17.00/0.10 oz.", "brand": "MAC", "name": "Heavenly Hybrid", "url": "http://www.temptalia.com/product/mac-cosmetics-lipstick/heavenly-hybrid", "review": "B+", "user_rating": "3", "permanence": "LE", "rgb": [186, 78, 39], "color_name": "fuchsia", "image_url": "http://www.temptalia.com/wp-content/uploads/2014/01/mac_heavenlyhybrid004-400x355.jpg", "price": "$17.00", "price_per_ounce": 170.0}, {"full_text": "Limited Edition. $17.00/0.10 oz.", "brand": "MAC", "name": "Naked Bud", "url": "http://www.temptalia.com/product/mac-cosmetics-lipstick/naked-bud", "review": "B-", "user_rating": "3", "permanence": "LE", "rgb": [203, 90, 102], "color_name": "pink", "image_url": "http://www.temptalia.com/wp-content/uploads/2014/02/mac_nakedbud004-400x355.jpg", "price": "$17.00", "price_per_ounce": 170.0}, {"full_text": "Limited Edition. $17.00/0.10 oz.", "brand": "MAC", "name": "Rose Lily", "url": "http://www.temptalia.com/product/mac-cosmetics-lipstick/rose-lily", "review": "B-", "user_rating": "5", "permanence": "LE", "rgb": [221, 152, 128], "color_name": "fuchsia", "image_url": "http://www.temptalia.com/wp-content/uploads/2014/01/mac_roselily004-400x355.jpg", "price": "$17.00", "price_per_ounce": 170.0}, {"full_text": "Limited Edition. $17.00/0.10 oz.", "brand": "MAC", "name": "Snapdragon", "url": "http://www.temptalia.com/product/mac-cosmetics-lipstick/snapdragon", "review": "B-", "user_rating": "4", "permanence": "LE", "rgb": [212, 113, 93], "color_name": "pink", "image_url": "http://www.temptalia.com/wp-content/uploads/2014/01/mac_snapdragon004-400x355.jpg", "price": "$17.00", "price_per_ounce": 170.0}, {"full_text": "Permanent. $24.00/0.09 oz.", "brand": "Bite Beauty", "name": "Corvina", "url": "http://www.temptalia.com/product/bite-beauty-high-pigment-pencil/corvina", "review": "A", "user_rating": "0", "permanence": "P", "rgb": [239, 57, 44], "color_name": "pink", "image_url": "http://www.temptalia.com/wp-content/uploads/2014/06/bitebeauty_corvina004-400x355.jpg", "price": "$24.00", "price_per_ounce": 266.6666666666667}, {"full_text": "Permanent. $24.00/0.09 oz.", "brand": "Bite Beauty", "name": "Violet", "url": "http://www.temptalia.com/product/bite-beauty-high-pigment-pencil/violet", "review": "A", "user_rating": "0", "permanence": "P", "rgb": [196, 125, 66], "color_name": "fuchsia", "image_url": "http://www.temptalia.com/wp-content/uploads/2014/06/bitebeauty_violetcrayon004-400x355.jpg", "price": "$24.00", "price_per_ounce": 266.6666666666667}, {"full_text": "Permanent. $24.00/0.09 oz.", "brand": "Bite Beauty", "name": "Rhubarb", "url": "http://www.temptalia.com/product/bite-beauty-high-pigment-pencil/rhubarb", "review": "A", "user_rating": "4", "permanence": "P", "rgb": [186, 56, 48], "color_name": "pink", "image_url": "http://www.temptalia.com/wp-content/uploads/2014/10/bitebeauty_2014remix018-400x355.jpg", "price": "$24.00", "price_per_ounce": 266.6666666666667}, {"full_text": "Permanent. $24.00/0.09 oz.", "brand": "Bite Beauty", "name": "Pomegranate", "url": "http://www.temptalia.com/product/bite-beauty-high-pigment-pencil/pomegranate", "review": "A", "user_rating": "5", "permanence": "P", "rgb": [190, 14, 8], "color_name": "red", "image_url": "http://www.temptalia.com/wp-content/uploads/2014/10/bitebeauty_2014remix030-400x355.jpg", "price": "$24.00", "price_per_ounce": 266.6666666666667}, {"full_text": "Permanent. $24.00/0.09 oz.", "brand": "Bite Beauty", "name": "Bouquet", "url": "http://www.temptalia.com/product/bite-beauty-high-pigment-pencil/bouquet", "review": "A", "user_rating": "0", "permanence": "P", "rgb": [216, 97, 87], "color_name": "pink", "image_url": "http://www.temptalia.com/wp-content/uploads/2014/06/bitebeauty_bouquet004-400x355.jpg", "price": "$24.00", "price_per_ounce": 266.6666666666667}, {"full_text": "Permanent. $24.00/0.09 oz.", "brand": "Bite Beauty", "name": "Chablis", "url": "http://www.temptalia.com/product/bite-beauty-high-pigment-pencil/chablis", "review": "A", "user_rating": "4", "permanence": "P", "rgb": [221, 77, 65], "color_name": "pink", "image_url": "http://www.temptalia.com/wp-content/uploads/2014/06/bitebeauty_chablis004-400x355.jpg", "price": "$24.00", "price_per_ounce": 266.6666666666667}, {"full_text": "Permanent. $26.00/0.12 oz.", "brand": "Bobbi Brown", "name": "Plum Shimmer (3)", "url": "http://www.temptalia.com/product/bobbi-brown-lip-color/plum-shimmer-3", "review": "B+", "user_rating": "0", "permanence": "P", "rgb": [160, 46, 47], "color_name": "pink", "image_url": "http://www.temptalia.com/wp-content/uploads/2014/01/bobbibrown_3plumshimmer004-400x355.jpg", "price": "$26.00", "price_per_ounce": 216.66666666666669}, {"full_text": "Permanent. $26.00/0.12 oz.", "brand": "Bobbi Brown", "name": "Twilight Shimmer (6)", "url": "http://www.temptalia.com/product/bobbi-brown-lip-color/twilight-shimmer-6", "review": "B+", "user_rating": "0", "permanence": "P", "rgb": [158, 54, 65], "color_name": "pink", "image_url": "http://www.temptalia.com/wp-content/uploads/2014/01/bobbibrown_6twilightshimmer004-400x355.jpg", "price": "$26.00", "price_per_ounce": 216.66666666666669}, {"full_text": "Permanent. $26.00/0.12 oz.", "brand": "Bobbi Brown", "name": "Raspberry Shimmer (1)", "url": "http://www.temptalia.com/product/bobbi-brown-lip-color/raspberry-shimmer-1", "review": "B+", "user_rating": "0", "permanence": "P", "rgb": [191, 61, 43], "color_name": "pink", "image_url": "http://www.temptalia.com/wp-content/uploads/2014/01/bobbibrown_1raspberryshimmer004-400x355.jpg", "price": "$26.00", "price_per_ounce": 216.66666666666669}, {"full_text": "Limited Edition. $17.00/0.10 oz.", "brand": "MAC", "name": "Viva Glam Rihanna", "url": "http://www.temptalia.com/product/mac-cosmetics-lipstick/viva-glam-rihanna", "review": "A", "user_rating": "4", "permanence": "LE", "rgb": [173, 14, 11], "color_name": "red", "image_url": "http://www.temptalia.com/wp-content/uploads/2014/01/mac_vivaglamrihannalipstick007-400x355.jpg", "price": "$17.00", "price_per_ounce": 170.0}, {"full_text": "Permanent. $34.00/0.14 oz.", "brand": "YSL", "name": "Tender Peach (26)", "url": "http://www.temptalia.com/product/yves-saint-laurent-rouge-volupte/tender-peach-26", "review": "B+", "user_rating": "5", "permanence": "P", "rgb": [228, 105, 112], "color_name": "pink", "image_url": "http://www.temptalia.com/wp-content/uploads/2014/01/ysl_26tenderpeach005-400x355.jpg", "price": "$34.00", "price_per_ounce": 242.85714285714283}, {"full_text": "Discontinued. $34.00/0.14 oz.", "brand": "YSL", "name": "Frivolous Pink (19)", "url": "http://www.temptalia.com/product/yves-saint-laurent-rouge-volupte/frivolous-pink-19", "review": "B-", "user_rating": "0", "permanence": "DC", "rgb": [229, 143, 118], "color_name": "pink", "image_url": "http://www.temptalia.com/wp-content/uploads/2014/01/ysl_19frivolouspink005-400x355.jpg", "price": "$34.00", "price_per_ounce": 242.85714285714283}, {"full_text": "Permanent. $34.00/0.14 oz.", "brand": "YSL", "name": "Exquisite Plum (22)", "url": "http://www.temptalia.com/product/yves-saint-laurent-rouge-volupte/exquisite-plum-22", "review": "A-", "user_rating": "5", "permanence": "P", "rgb": [146, 33, 8], "color_name": "red", "image_url": "http://www.temptalia.com/wp-content/uploads/2014/01/ysl_22exquisiteplum005-400x355.jpg", "price": "$34.00", "price_per_ounce": 242.85714285714283}, {"full_text": "Permanent. $18.00/0.33 oz.", "brand": "Obsessive Compulsive Cosmetics", "name": "Pool Boy", "url": "http://www.temptalia.com/product/occ-makeup-lip-tar/pool-boy", "review": "A", "user_rating": "0", "permanence": "P", "rgb": [83, 193, 162], "color_name": "green", "image_url": "http://www.temptalia.com/wp-content/uploads/2014/01/occ_poolboyliptar005-400x355.jpg", "price": "$18.00", "price_per_ounce": 54.54545454545454}, {"full_text": "Permanent. $18.00/0.33 oz.", "brand": "Obsessive Compulsive Cosmetics", "name": "Kimber", "url": "http://www.temptalia.com/product/occ-makeup-lip-tar/kimber", "review": "A", "user_rating": "0", "permanence": "P", "rgb": [223, 59, 85], "color_name": "pink", "image_url": "http://www.temptalia.com/wp-content/uploads/2014/01/occ_kimberliptar004-400x355.jpg", "price": "$18.00", "price_per_ounce": 54.54545454545454}, {"full_text": "Permanent. $18.00/0.33 oz.", "brand": "Obsessive Compulsive Cosmetics", "name": "Rollergirl", "url": "http://www.temptalia.com/product/occ-makeup-lip-tar/rollergirl", "review": "A", "user_rating": "4", "permanence": "P", "rgb": [166, 163, 74], "color_name": "purple", "image_url": "http://www.temptalia.com/wp-content/uploads/2014/01/occ_rollergirl004-400x355.jpg", "price": "$18.00", "price_per_ounce": 54.54545454545454}, {"full_text": "Permanent. $18.00/0.33 oz.", "brand": "Obsessive Compulsive Cosmetics", "name": "Mannequin", "url": "http://www.temptalia.com/product/occ-makeup-lip-tar/mannequin", "review": "A", "user_rating": "0", "permanence": "P", "rgb": [232, 183, 125], "color_name": "purple", "image_url": "http://www.temptalia.com/wp-content/uploads/2014/01/occ_mannequinliptar004-400x355.jpg", "price": "$18.00", "price_per_ounce": 54.54545454545454}, {"full_text": "Limited Edition. $25.00/0.13 oz.", "brand": "Bobbi Brown", "name": "Pink Flush", "url": "http://www.temptalia.com/product/bobbi-brown-sheer-lipcolor/pink-flush", "review": "B-", "user_rating": "0", "permanence": "LE", "rgb": [217, 110, 84], "color_name": "pink", "image_url": "http://www.temptalia.com/wp-content/uploads/2014/01/bobbibrown_pinkflush004-400x355.jpg", "price": "$25.00", "price_per_ounce": 192.3076923076923}, {"full_text": "Limited Edition. $25.00/0.13 oz.", "brand": "Bobbi Brown", "name": "Pink Gold", "url": "http://www.temptalia.com/product/bobbi-brown-sheer-lipcolor/pink-gold", "review": "B", "user_rating": "0", "permanence": "LE", "rgb": [185, 76, 84], "color_name": "nude", "image_url": "http://www.temptalia.com/wp-content/uploads/2014/01/bobbibrown_pinkgold004-400x355.jpg", "price": "$25.00", "price_per_ounce": 192.3076923076923}, {"full_text": "Limited Edition. $25.00/0.13 oz.", "brand": "Bobbi Brown", "name": "Pink Rose", "url": "http://www.temptalia.com/product/bobbi-brown-sheer-lipcolor/pink-rose", "review": "B-", "user_rating": "0", "permanence": "LE", "rgb": [171, 58, 47], "color_name": "pink", "image_url": "http://www.temptalia.com/wp-content/uploads/2014/01/bobbibrown_pinkrose004-400x355.jpg", "price": "$25.00", "price_per_ounce": 192.3076923076923}, {"full_text": "Permanent. $18.00/0.33 oz.", "brand": "Obsessive Compulsive Cosmetics", "name": "Hollywood", "url": "http://www.temptalia.com/product/occ-makeup-metallic-lip-tar/hollywood", "review": "B+", "user_rating": "0", "permanence": "P", "rgb": [199, 112, 127], "color_name": "nude", "image_url": "http://www.temptalia.com/wp-content/uploads/2014/01/occ_hollywoodliptar004-400x355.jpg", "price": "$18.00", "price_per_ounce": 54.54545454545454}, {"full_text": "Permanent. $18.00/0.33 oz.", "brand": "Obsessive Compulsive Cosmetics", "name": "Pleasure Model", "url": "http://www.temptalia.com/product/occ-makeup-metallic-lip-tar/pleasure-model", "review": "B", "user_rating": "0", "permanence": "P", "rgb": [190, 97, 99], "color_name": "nude", "image_url": "http://www.temptalia.com/wp-content/uploads/2014/01/occ_pleasuremodelliptar004-400x355.jpg", "price": "$18.00", "price_per_ounce": 54.54545454545454}, {"full_text": "Limited Edition. $30.00/0.13 oz.", "brand": "Marc Jacobs Beauty", "name": "Gossip (140)", "url": "http://www.temptalia.com/product/marc-jacobs-beauty-lovemarc-matte-lip-gel/gossip-140", "review": "B", "user_rating": "0", "permanence": "LE", "rgb": [217, 115, 43], "color_name": "fuchsia", "image_url": "http://www.temptalia.com/wp-content/uploads/2014/02/marcjacobs_140gossip004-400x355.jpg", "price": "$30.00", "price_per_ounce": 230.76923076923077}, {"full_text": "Limited Edition. $30.00/0.13 oz.", "brand": "Marc Jacobs Beauty", "name": "Shout (138)", "url": "http://www.temptalia.com/product/marc-jacobs-beauty-lovemarc-matte-lip-gel/shout-138", "review": "B", "user_rating": "0", "permanence": "LE", "rgb": [222, 64, 47], "color_name": "pink", "image_url": "http://www.temptalia.com/wp-content/uploads/2014/01/marcjacobs_136shout004-400x355.jpg", "price": "$30.00", "price_per_ounce": 230.76923076923077}, {"full_text": "Limited Edition. $30.00/0.13 oz.", "brand": "Marc Jacobs Beauty", "name": "Pout (142)", "url": "http://www.temptalia.com/product/marc-jacobs-beauty-lovemarc-matte-lip-gel/pout-142", "review": "C", "user_rating": "0", "permanence": "LE", "rgb": [201, 98, 104], "color_name": "pink", "image_url": "http://www.temptalia.com/wp-content/uploads/2014/01/marcjacobs_142pout004-400x355.jpg", "price": "$30.00", "price_per_ounce": 230.76923076923077}, {"full_text": "Limited Edition. $30.00/0.13 oz.", "brand": "Marc Jacobs Beauty", "name": "Flirt (144)", "url": "http://www.temptalia.com/product/marc-jacobs-beauty-lovemarc-matte-lip-gel/flirt-144", "review": "B-", "user_rating": "0", "permanence": "LE", "rgb": [209, 86, 95], "color_name": "pink", "image_url": "http://www.temptalia.com/wp-content/uploads/2014/01/marcjacobs_144flirt007-400x355.jpg", "price": "$30.00", "price_per_ounce": 230.76923076923077}, {"full_text": "Limited Edition. $37.00/0.12 oz.", "brand": "Guerlain", "name": "Attrape-Coeur (171)", "url": "http://www.temptalia.com/product/guerlain-rouge-automatique-lip-color/attrape-coeur-171", "review": "A", "user_rating": "5", "permanence": "LE", "rgb": [224, 74, 52], "color_name": "pink", "image_url": "http://www.temptalia.com/wp-content/uploads/2014/01/guerlain_171attrapecoeur004-400x355.jpg", "price": "$37.00", "price_per_ounce": 308.33333333333337}, {"full_text": "Permanent. $7.49/0.15 oz.", "brand": "Maybelline", "name": "Touchable Taupe (940)", "url": "http://www.temptalia.com/product/maybelline-colorsensational-lipcolor/touchable-taupe-940", "review": "A", "user_rating": "4", "permanence": "P", "rgb": [167, 59, 72], "color_name": "pink", "image_url": "http://www.temptalia.com/wp-content/uploads/2014/01/maybelline_940touchabletaupe004-400x355.jpg", "price": "$7.49", "price_per_ounce": 49.93333333333334}, {"full_text": "Permanent. $7.49/0.15 oz.", "brand": "Maybelline", "name": "Stormy Sahara (945)", "url": "http://www.temptalia.com/product/maybelline-colorsensational-lipcolor/stormy-sahara-945", "review": "A-", "user_rating": "4", "permanence": "P", "rgb": [195, 75, 93], "color_name": "pink", "image_url": "http://www.temptalia.com/wp-content/uploads/2014/01/maybelline_945stormysahara004-400x355.jpg", "price": "$7.49", "price_per_ounce": 49.93333333333334}, {"full_text": "Permanent. $7.49/0.15 oz.", "brand": "Maybelline", "name": "Untainted Spice (950)", "url": "http://www.temptalia.com/product/maybelline-colorsensational-lipcolor/untainted-spice-950", "review": "A", "user_rating": "4", "permanence": "P", "rgb": [128, 36, 38], "color_name": "red", "image_url": "http://www.temptalia.com/wp-content/uploads/2014/01/maybelline_950untaintedspice004-400x355.jpg", "price": "$7.49", "price_per_ounce": 49.93333333333334}, {"full_text": "Permanent. $7.49/0.15 oz.", "brand": "Maybelline", "name": "Espresso Exposed (955)", "url": "http://www.temptalia.com/product/maybelline-colorsensational-lipcolor/espresso-exposed-955", "review": "C+", "user_rating": "4", "permanence": "P", "rgb": [84, 14, 11], "color_name": "burgundy", "image_url": "http://www.temptalia.com/wp-content/uploads/2014/01/maybelline_955espressoexposed004-400x355.jpg", "price": "$7.49", "price_per_ounce": 49.93333333333334}, {"full_text": "Permanent. $7.49/0.15 oz.", "brand": "Maybelline", "name": "Maple Kiss (925)", "url": "http://www.temptalia.com/product/maybelline-colorsensational-lipcolor/maple-kiss-925", "review": "A", "user_rating": "0", "permanence": "P", "rgb": [153, 32, 41], "color_name": "red", "image_url": "http://www.temptalia.com/wp-content/uploads/2014/01/maybelline_925maplekiss004-400x355.jpg", "price": "$7.49", "price_per_ounce": 49.93333333333334}, {"full_text": "Permanent. $7.49/0.15 oz.", "brand": "Maybelline", "name": "Truffle Tease (930)", "url": "http://www.temptalia.com/product/maybelline-colorsensational-lipcolor/truffle-tease-930", "review": "B+", "user_rating": "4", "permanence": "P", "rgb": [183, 76, 95], "color_name": "nude", "image_url": "http://www.temptalia.com/wp-content/uploads/2014/01/maybelline_930truffletease004-400x355.jpg", "price": "$7.49", "price_per_ounce": 49.93333333333334}, {"full_text": "Permanent. $7.49/0.15 oz.", "brand": "Maybelline", "name": "Sin-a-mon (935)", "url": "http://www.temptalia.com/product/maybelline-colorsensational-lipcolor/sin-a-mon-935", "review": "B+", "user_rating": "3", "permanence": "P", "rgb": [175, 78, 90], "color_name": "nude", "image_url": "http://www.temptalia.com/wp-content/uploads/2014/01/maybelline_935sinamon004-400x355.jpg", "price": "$7.49", "price_per_ounce": 49.93333333333334}, {"full_text": "Limited Edition. $25.00/0.07 oz.", "brand": "NARS", "name": "Descanso", "url": "http://www.temptalia.com/product/nars-cosmetics-satin-lip-pencil/descanso", "review": "A", "user_rating": "4", "permanence": "LE", "rgb": [203, 83, 91], "color_name": "pink", "image_url": "http://www.temptalia.com/wp-content/uploads/2014/01/nars_descanso005-400x355.jpg", "price": "$25.00", "price_per_ounce": 357.1428571428571}, {"full_text": "Limited Edition. $25.00/0.07 oz.", "brand": "NARS", "name": "Stourhead", "url": "http://www.temptalia.com/product/nars-cosmetics-satin-lip-pencil/stourhead", "review": "C+", "user_rating": "0", "permanence": "LE", "rgb": [191, 125, 110], "color_name": "nude", "image_url": "http://www.temptalia.com/wp-content/uploads/2014/01/nars_stourhead005-400x355.jpg", "price": "$25.00", "price_per_ounce": 357.1428571428571}, {"full_text": "Limited Edition. $25.00/0.07 oz.", "brand": "NARS", "name": "Torres del Paine", "url": "http://www.temptalia.com/product/nars-cosmetics-satin-lip-pencil/torres-del-paine", "review": "A-", "user_rating": "0", "permanence": "LE", "rgb": [210, 87, 101], "color_name": "pink", "image_url": "http://www.temptalia.com/wp-content/uploads/2014/10/nars_digitalworld018-400x355.jpg", "price": "$25.00", "price_per_ounce": 357.1428571428571}, {"full_text": "Limited Edition. $25.00/0.07 oz.", "brand": "NARS", "name": "Villa Lante", "url": "http://www.temptalia.com/product/nars-cosmetics-satin-lip-pencil/villa-lante", "review": "A-", "user_rating": "0", "permanence": "LE", "rgb": [208, 125, 90], "color_name": "fuchsia", "image_url": "http://www.temptalia.com/wp-content/uploads/2014/01/nars_villalante005-400x355.jpg", "price": "$25.00", "price_per_ounce": 357.1428571428571}, {"full_text": "Permanent. $25.00/0.07 oz.", "brand": "NARS", "name": "Timanfaya", "url": "http://www.temptalia.com/product/nars-cosmetics-satin-lip-pencil/timanfaya", "review": "A", "user_rating": "4", "permanence": "P", "rgb": [218, 13, 48], "color_name": "orange", "image_url": "http://www.temptalia.com/wp-content/uploads/2014/01/nars_timanfaya005-400x355.jpg", "price": "$25.00", "price_per_ounce": 357.1428571428571}, {"full_text": "Permanent. $7.49/0.15 oz.", "brand": "Maybelline", "name": "Bare All (910)", "url": "http://www.temptalia.com/product/maybelline-colorsensational-lipcolor/bare-all-910", "review": "B-", "user_rating": "0", "permanence": "P", "rgb": [199, 132, 138], "color_name": "nude", "image_url": "http://www.temptalia.com/wp-content/uploads/2014/01/maybelline_910bareall004-400x355.jpg", "price": "$7.49", "price_per_ounce": 49.93333333333334}, {"full_text": "Permanent. $7.49/0.15 oz.", "brand": "Maybelline", "name": "Blushing Beige (915)", "url": "http://www.temptalia.com/product/maybelline-colorsensational-lipcolor/blushing-beige-915", "review": "B-", "user_rating": "4", "permanence": "P", "rgb": [198, 108, 118], "color_name": "nude", "image_url": "http://www.temptalia.com/wp-content/uploads/2014/01/maybelline_915blushingbeige004-400x355.jpg", "price": "$7.49", "price_per_ounce": 49.93333333333334}, {"full_text": "Permanent. $7.49/0.15 oz.", "brand": "Maybelline", "name": "Nude Lust (920)", "url": "http://www.temptalia.com/product/maybelline-colorsensational-lipcolor/nude-lust-920", "review": "B+", "user_rating": "0", "permanence": "P", "rgb": [189, 93, 103], "color_name": "nude", "image_url": "http://www.temptalia.com/wp-content/uploads/2014/01/maybelline_920nudelust004-400x355.jpg", "price": "$7.49", "price_per_ounce": 49.93333333333334}, {"full_text": "Permanent. $24.00/0.06 oz.", "brand": "Laura Mercier", "name": "Myth", "url": "http://www.temptalia.com/product/laura-mercier-rouge-nouveau-weightless-lip-colour/myth", "review": "A", "user_rating": "4", "permanence": "P", "rgb": [124, 32, 23], "color_name": "red", "image_url": "http://www.temptalia.com/wp-content/uploads/2014/02/lauramercier_myth004-400x355.jpg", "price": "$24.00", "price_per_ounce": 400.0}, {"full_text": "Permanent. $34.00/0.14 oz.", "brand": "YSL", "name": "Nude Beige (1)", "url": "http://www.temptalia.com/product/yves-saint-laurent-rouge-volupte/nude-beige-1", "review": "B+", "user_rating": "5", "permanence": "P", "rgb": [212, 115, 112], "color_name": "pink", "image_url": "http://www.temptalia.com/wp-content/uploads/2014/01/ysl_1nudebeige006-400x355.jpg", "price": "$34.00", "price_per_ounce": 242.85714285714283}, {"full_text": "Permanent. $34.00/0.14 oz.", "brand": "YSL", "name": "Lingerie Pink (7)", "url": "http://www.temptalia.com/product/yves-saint-laurent-rouge-volupte/lingerie-pink-7", "review": "B+", "user_rating": "5", "permanence": "P", "rgb": [227, 147, 133], "color_name": "pink", "image_url": "http://www.temptalia.com/wp-content/uploads/2014/01/ysl_7lingeriepink005-400x355.jpg", "price": "$34.00", "price_per_ounce": 242.85714285714283}, {"full_text": "Permanent. $34.00/0.14 oz.", "brand": "YSL", "name": "Fetish Pink (8)", "url": "http://www.temptalia.com/product/yves-saint-laurent-rouge-volupte/fetish-pink-8", "review": "A", "user_rating": "4", "permanence": "P", "rgb": [223, 121, 74], "color_name": "fuchsia", "image_url": "http://www.temptalia.com/wp-content/uploads/2014/01/ysl_8fetishpink005-400x355.jpg", "price": "$34.00", "price_per_ounce": 242.85714285714283}, {"full_text": "Permanent. $34.00/0.14 oz.", "brand": "YSL", "name": "Caress Pink (9)", "url": "http://www.temptalia.com/product/yves-saint-laurent-rouge-volupte/caress-pink-9", "review": "A", "user_rating": "5", "permanence": "P", "rgb": [211, 88, 58], "color_name": "pink", "image_url": "http://www.temptalia.com/wp-content/uploads/2014/01/ysl_9caresspink005-400x355.jpg", "price": "$34.00", "price_per_ounce": 242.85714285714283}, {"full_text": "Permanent. $34.00/0.14 oz.", "brand": "YSL", "name": "Forbidden Burgundy (12)", "url": "http://www.temptalia.com/product/yves-saint-laurent-rouge-volupte/forbidden-burgundy-12", "review": "A", "user_rating": "4", "permanence": "P", "rgb": [134, 37, 5], "color_name": "red", "image_url": "http://www.temptalia.com/wp-content/uploads/2014/01/ysl_12forbiddenburgundy005-400x355.jpg", "price": "$34.00", "price_per_ounce": 242.85714285714283}, {"full_text": "Permanent. $34.00/0.14 oz.", "brand": "YSL", "name": "Peach Passion (13)", "url": "http://www.temptalia.com/product/yves-saint-laurent-rouge-volupte/peach-passion-13", "review": "A-", "user_rating": "5", "permanence": "P", "rgb": [232, 94, 99], "color_name": "pink", "image_url": "http://www.temptalia.com/wp-content/uploads/2014/01/ysl_13peachpassion005-400x355.jpg", "price": "$34.00", "price_per_ounce": 242.85714285714283}, {"full_text": "Permanent. $34.00/0.14 oz.", "brand": "YSL", "name": "Opera Rose (29)", "url": "http://www.temptalia.com/product/yves-saint-laurent-rouge-volupte/opera-rose-29", "review": "B+", "user_rating": "4", "permanence": "P", "rgb": [239, 117, 86], "color_name": "pink", "image_url": "http://www.temptalia.com/wp-content/uploads/2014/01/ysl_29operarose005-400x355.jpg", "price": "$34.00", "price_per_ounce": 242.85714285714283}, {"full_text": "Permanent. $34.00/0.15 oz.", "brand": "YSL", "name": "Corail Intuitive (15)", "url": "http://www.temptalia.com/product/yves-saint-laurent-rouge-volupte-shine/corail-intuitive-15", "review": "B+", "user_rating": "0", "permanence": "P", "rgb": [207, 90, 97], "color_name": "pink", "image_url": "http://www.temptalia.com/wp-content/uploads/2014/02/ysl_15corailintuitive005-400x355.jpg", "price": "$34.00", "price_per_ounce": 226.66666666666669}, {"full_text": "Permanent. $34.00/0.14 oz.", "brand": "YSL", "name": "Rose Neillia (33)", "url": "http://www.temptalia.com/product/yves-saint-laurent-rouge-volupte/rose-neillia-33", "review": "A-", "user_rating": "0", "permanence": "P", "rgb": [230, 74, 50], "color_name": "pink", "image_url": "http://www.temptalia.com/wp-content/uploads/2014/02/ysl_33roseneillia005-400x355.jpg", "price": "$34.00", "price_per_ounce": 242.85714285714283}, {"full_text": "Permanent. $30.00/0.12 oz.", "brand": "Marc Jacobs Beauty", "name": "Dizzy Spell (104)", "url": "http://www.temptalia.com/product/marc-jacobs-beauty-lovemarc-lip-gel/dizzy-spell-104", "review": "C+", "user_rating": "3", "permanence": "P", "rgb": [183, 66, 77], "color_name": "pink", "image_url": "http://www.temptalia.com/wp-content/uploads/2014/01/marcjacobs_dizzyspell004-400x355.jpg", "price": "$30.00", "price_per_ounce": 250.0}, {"full_text": "Limited Edition. $37.00/0.12 oz.", "brand": "Guerlain", "name": "Insolence (144)", "url": "http://www.temptalia.com/product/guerlain-rouge-automatique-lip-color/insolence-144", "review": "A", "user_rating": "0", "permanence": "LE", "rgb": [205, 44, 13], "color_name": "pink", "image_url": "http://www.temptalia.com/wp-content/uploads/2014/01/guerlain_144insolence004-400x355.jpg", "price": "$37.00", "price_per_ounce": 308.33333333333337}, {"full_text": "Limited Edition. $20.00/0.12 oz.", "brand": "bareMinerals", "name": "Feel the Love", "url": "http://www.temptalia.com/product/bareminerals-marvelous-moxie-lipstick/feel-the-love", "review": "A", "user_rating": "0", "permanence": "LE", "rgb": [145, 41, 44], "color_name": "red", "image_url": "http://www.temptalia.com/wp-content/uploads/2013/12/bareminerals_feelthelove004-400x355.jpg", "price": "$20.00", "price_per_ounce": 166.66666666666669}, {"full_text": "Permanent. $17.00/0.10 oz.", "brand": "MAC", "name": "Instigator", "url": "http://www.temptalia.com/product/mac-cosmetics-lipstick/instigator", "review": "A-", "user_rating": "4", "permanence": "P", "rgb": [37, 12, 6], "color_name": "burgundy", "image_url": "http://www.temptalia.com/wp-content/uploads/2013/12/mac_instigator004-400x355.jpg", "price": "$17.00", "price_per_ounce": 170.0}, {"full_text": "Limited Edition. $17.00/0.10 oz.", "brand": "MAC", "name": "Punk Couture", "url": "http://www.temptalia.com/product/mac-cosmetics-lipstick/punk-couture", "review": "B-", "user_rating": "5", "permanence": "LE", "rgb": [68, 54, 18], "color_name": "purple", "image_url": "http://www.temptalia.com/wp-content/uploads/2013/12/mac_punkcoutureredo002-400x355.jpg", "price": "$17.00", "price_per_ounce": 170.0}, {"full_text": "Permanent. $17.00/0.10 oz.", "brand": "MAC", "name": "Studded Kiss", "url": "http://www.temptalia.com/product/mac-cosmetics-lipstick/studded-kiss", "review": "A-", "user_rating": "4", "permanence": "P", "rgb": [100, 7, 7], "color_name": "red", "image_url": "http://www.temptalia.com/wp-content/uploads/2013/12/mac_studdedkiss004-400x355.jpg", "price": "$17.00", "price_per_ounce": 170.0}, {"full_text": "Permanent. $36.00/0.12 oz.", "brand": "Chanel", "name": "Melodieuse (136)", "url": "http://www.temptalia.com/product/chanel-rouge-allure-luminous-intense-lip-colour/melodieuse-136", "review": "A-", "user_rating": "3", "permanence": "P", "rgb": [201, 48, 32], "color_name": "pink", "image_url": "http://www.temptalia.com/wp-content/uploads/2013/12/chanel_136melodieuse004-400x355.jpg", "price": "$36.00", "price_per_ounce": 300.0}, {"full_text": "Permanent. $36.00/0.12 oz.", "brand": "Chanel", "name": "Fougueuse (138)", "url": "http://www.temptalia.com/product/chanel-rouge-allure-luminous-intense-lip-colour/fougueuse-138", "review": "A-", "user_rating": "5", "permanence": "P", "rgb": [164, 45, 22], "color_name": "red", "image_url": "http://www.temptalia.com/wp-content/uploads/2013/12/chanel_138fougueuse004-400x355.jpg", "price": "$36.00", "price_per_ounce": 300.0}, {"full_text": "Permanent. $36.00/0.12 oz.", "brand": "Chanel", "name": "La Diva (44)", "url": "http://www.temptalia.com/product/chanel-rouge-allure-velvet/la-diva-44", "review": "B+", "user_rating": "4", "permanence": "P", "rgb": [217, 131, 38], "color_name": "purple", "image_url": "http://www.temptalia.com/wp-content/uploads/2013/12/chanel_44ladiva004-400x355.jpg", "price": "$36.00", "price_per_ounce": 300.0}, {"full_text": "Limited Edition. $20.00/0.11 oz.", "brand": "MAC", "name": "Fresh and Frisky", "url": "http://www.temptalia.com/product/mac-cosmetics-huggable-lipcolour/fresh-and-frisky", "review": "B", "user_rating": "5", "permanence": "LE", "rgb": [202, 69, 79], "color_name": "pink", "image_url": "http://www.temptalia.com/wp-content/uploads/2013/12/mac_freshandfrisky004-400x355.jpg", "price": "$20.00", "price_per_ounce": 181.8181818181818}, {"full_text": "Limited Edition. $20.00/0.11 oz.", "brand": "MAC", "name": "Cherry Glaze", "url": "http://www.temptalia.com/product/mac-cosmetics-huggable-lipcolour/cherry-glaze", "review": "A-", "user_rating": "0", "permanence": "LE", "rgb": [173, 26, 22], "color_name": "red", "image_url": "http://www.temptalia.com/wp-content/uploads/2013/12/mac_cherryglaze004-400x355.jpg", "price": "$20.00", "price_per_ounce": 181.8181818181818}, {"full_text": "Limited Edition. $20.00/0.11 oz.", "brand": "MAC", "name": "Fashion Force", "url": "http://www.temptalia.com/product/mac-cosmetics-huggable-lipcolour/fashion-force", "review": "B", "user_rating": "0", "permanence": "LE", "rgb": [190, 59, 60], "color_name": "pink", "image_url": "http://www.temptalia.com/wp-content/uploads/2013/12/mac_fashionforce004-400x355.jpg", "price": "$20.00", "price_per_ounce": 181.8181818181818}, {"full_text": "Limited Edition. $20.00/0.11 oz.", "brand": "MAC", "name": "Out for Passion", "url": "http://www.temptalia.com/product/mac-cosmetics-huggable-lipcolour/out-for-passion", "review": "B+", "user_rating": "4", "permanence": "LE", "rgb": [183, 55, 50], "color_name": "pink", "image_url": "http://www.temptalia.com/wp-content/uploads/2013/12/mac_outforpassion004-400x355.jpg", "price": "$20.00", "price_per_ounce": 181.8181818181818}, {"full_text": "Limited Edition. $20.00/0.11 oz.", "brand": "MAC", "name": "Commotion", "url": "http://www.temptalia.com/product/mac-cosmetics-huggable-lipcolour/commotion", "review": "A-", "user_rating": "3", "permanence": "LE", "rgb": [161, 44, 8], "color_name": "red", "image_url": "http://www.temptalia.com/wp-content/uploads/2013/12/mac_commotion004-400x355.jpg", "price": "$20.00", "price_per_ounce": 181.8181818181818}, {"full_text": "Limited Edition. $20.00/0.11 oz.", "brand": "MAC", "name": "Feeling Amorous?", "url": "http://www.temptalia.com/product/mac-cosmetics-huggable-lipcolour/feeling-amorous", "review": "B+", "user_rating": "5", "permanence": "LE", "rgb": [198, 65, 26], "color_name": "pink", "image_url": "http://www.temptalia.com/wp-content/uploads/2013/12/mac_feelingamorous004-400x355.jpg", "price": "$20.00", "price_per_ounce": 181.8181818181818}, {"full_text": "Limited Edition. $20.00/0.11 oz.", "brand": "MAC", "name": "Love Beam", "url": "http://www.temptalia.com/product/mac-cosmetics-huggable-lipcolour/love-beam", "review": "B", "user_rating": "5", "permanence": "LE", "rgb": [202, 75, 48], "color_name": "pink", "image_url": "http://www.temptalia.com/wp-content/uploads/2013/12/mac_lovebeam004-400x355.jpg", "price": "$20.00", "price_per_ounce": 181.8181818181818}, {"full_text": "Limited Edition. $20.00/0.11 oz.", "brand": "MAC", "name": "What a Feeling!", "url": "http://www.temptalia.com/product/mac-cosmetics-huggable-lipcolour/what-a-feeling", "review": "C+", "user_rating": "5", "permanence": "LE", "rgb": [204, 107, 75], "color_name": "pink", "image_url": "http://www.temptalia.com/wp-content/uploads/2013/12/mac_whatafeeling004-400x355.jpg", "price": "$20.00", "price_per_ounce": 181.8181818181818}, {"full_text": "Limited Edition. $20.00/0.11 oz.", "brand": "MAC", "name": "Red Necessity", "url": "http://www.temptalia.com/product/mac-cosmetics-huggable-lipcolour/red-necessity", "review": "A-", "user_rating": "5", "permanence": "LE", "rgb": [176, 33, 10], "color_name": "red", "image_url": "http://www.temptalia.com/wp-content/uploads/2013/12/mac_rednecessity004-400x355.jpg", "price": "$20.00", "price_per_ounce": 181.8181818181818}, {"full_text": "Limited Edition. $20.00/0.11 oz.", "brand": "MAC", "name": "Rusty", "url": "http://www.temptalia.com/product/mac-cosmetics-huggable-lipcolour/rusty", "review": "B+", "user_rating": "0", "permanence": "LE", "rgb": [159, 28, 27], "color_name": "red", "image_url": "http://www.temptalia.com/wp-content/uploads/2013/12/mac_rusty004-400x355.jpg", "price": "$20.00", "price_per_ounce": 181.8181818181818}, {"full_text": "Limited Edition. $20.00/0.11 oz.", "brand": "MAC", "name": "Rich Marron", "url": "http://www.temptalia.com/product/mac-cosmetics-huggable-lipcolour/rich-marron", "review": "C+", "user_rating": "0", "permanence": "LE", "rgb": [171, 53, 58], "color_name": "pink", "image_url": "http://www.temptalia.com/wp-content/uploads/2013/12/mac_richmarron004-400x355.jpg", "price": "$20.00", "price_per_ounce": 181.8181818181818}, {"full_text": "Limited Edition. $20.00/0.11 oz.", "brand": "MAC", "name": "Touche", "url": "http://www.temptalia.com/product/mac-cosmetics-huggable-lipcolour/touche", "review": "C+", "user_rating": "0", "permanence": "LE", "rgb": [185, 66, 72], "color_name": "pink", "image_url": "http://www.temptalia.com/wp-content/uploads/2013/12/mac_touche004-400x355.jpg", "price": "$20.00", "price_per_ounce": 181.8181818181818}, {"full_text": "Limited Edition. $17.00/0.10 oz.", "brand": "MAC", "name": "Carnal Instinct", "url": "http://www.temptalia.com/product/mac-cosmetics-lipstick/carnal-instinct", "review": "A-", "user_rating": "3", "permanence": "LE", "rgb": [122, 16, 22], "color_name": "red", "image_url": "http://www.temptalia.com/wp-content/uploads/2013/12/mac_carnalinstinct004-400x355.jpg", "price": "$17.00", "price_per_ounce": 170.0}, {"full_text": "Limited Edition. $17.00/0.10 oz.", "brand": "MAC", "name": "Close Contact", "url": "http://www.temptalia.com/product/mac-cosmetics-lipstick/close-contact", "review": "B+", "user_rating": "5", "permanence": "LE", "rgb": [212, 108, 122], "color_name": "pink", "image_url": "http://www.temptalia.com/wp-content/uploads/2013/12/mac_closecontact004-400x355.jpg", "price": "$17.00", "price_per_ounce": 170.0}, {"full_text": "Limited Edition. $17.00/0.10 oz.", "brand": "MAC", "name": "Morning Rose", "url": "http://www.temptalia.com/product/mac-cosmetics-lipstick/morning-rose", "review": "B", "user_rating": "5", "permanence": "LE", "rgb": [186, 68, 59], "color_name": "pink", "image_url": "http://www.temptalia.com/wp-content/uploads/2013/12/mac_morningrose004-400x355.jpg", "price": "$17.00", "price_per_ounce": 170.0}, {"full_text": "Limited Edition. $17.00/0.10 oz.", "brand": "MAC", "name": "Sensual Sparks", "url": "http://www.temptalia.com/product/mac-cosmetics-lipstick/sensual-sparks", "review": "B+", "user_rating": "5", "permanence": "LE", "rgb": [189, 73, 99], "color_name": "nude", "image_url": "http://www.temptalia.com/wp-content/uploads/2013/12/mac_sensualsparks004-400x355.jpg", "price": "$17.00", "price_per_ounce": 170.0}, {"full_text": "Permanent. $8.95/0.13 oz.", "brand": "L'Oreal", "name": "I Pink You're Cute (175)", "url": "http://www.temptalia.com/product/loreal-colour-riche-lipcolour/i-pink-youre-cute-175", "review": "B", "user_rating": "3", "permanence": "P", "rgb": [176, 67, 55], "color_name": "pink", "image_url": "http://www.temptalia.com/wp-content/uploads/2013/12/loreal_175ipinkyourecute004-400x355.jpg", "price": "$8.95", "price_per_ounce": 68.84615384615384}, {"full_text": "Permanent. $8.95/0.13 oz.", "brand": "L'Oreal", "name": "Pink Flamingo (180)", "url": "http://www.temptalia.com/product/loreal-colour-riche-lipcolour/pink-flamingo-180", "review": "B+", "user_rating": "4", "permanence": "P", "rgb": [194, 84, 47], "color_name": "fuchsia", "image_url": "http://www.temptalia.com/wp-content/uploads/2013/12/loreal_180pinkflamingo004-400x355.jpg", "price": "$8.95", "price_per_ounce": 68.84615384615384}, {"full_text": "Permanent. $8.95/0.13 oz.", "brand": "L'Oreal", "name": "Ballerina Shoes (135)", "url": "http://www.temptalia.com/product/loreal-colour-riche-lipcolour/ballerina-shoes-135", "review": "C+", "user_rating": "3", "permanence": "P", "rgb": [182, 74, 68], "color_name": "pink", "image_url": "http://www.temptalia.com/wp-content/uploads/2013/12/loreal_135ballerinashoes005-400x355.jpg", "price": "$8.95", "price_per_ounce": 68.84615384615384}, {"full_text": "Permanent. $22.00/0.11 oz.", "brand": "Too Faced", "name": "Red Stiletto", "url": "http://www.temptalia.com/product/too-faced-la-creme/red-stiletto", "review": "B", "user_rating": "2", "permanence": "P", "rgb": [178, 24, 20], "color_name": "red", "image_url": "http://www.temptalia.com/wp-content/uploads/2013/12/toofaced_redstiletto004-400x355.jpg", "price": "$22.00", "price_per_ounce": 200.0}, {"full_text": "Permanent. $22.00/0.11 oz.", "brand": "Too Faced", "name": "Sweet Maple", "url": "http://www.temptalia.com/product/too-faced-la-creme/sweet-maple", "review": "B+", "user_rating": "4", "permanence": "P", "rgb": [169, 46, 53], "color_name": "pink", "image_url": "http://www.temptalia.com/wp-content/uploads/2013/12/toofaced_sweetmaple004-400x355.jpg", "price": "$22.00", "price_per_ounce": 200.0}, {"full_text": "Limited Edition. $20.00/0.12 oz.", "brand": "bareMinerals", "name": "Break Away", "url": "http://www.temptalia.com/product/bareminerals-marvelous-moxie-lipstick/break-away", "review": "A-", "user_rating": "5", "permanence": "LE", "rgb": [134, 39, 41], "color_name": "red", "image_url": "http://www.temptalia.com/wp-content/uploads/2013/12/bareminerals_crystallizedset035-400x355.jpg", "price": "$20.00", "price_per_ounce": 166.66666666666669}, {"full_text": "Permanent. $8.99/0.10 oz.", "brand": "Revlon", "name": "Provocateur (135)", "url": "http://www.temptalia.com/product/revlon-colorburst-lacquer-balm/provocateur-135", "review": "A", "user_rating": "5", "permanence": "P", "rgb": [176, 22, 13], "color_name": "red", "image_url": "http://www.temptalia.com/wp-content/uploads/2013/12/revlon_135provocateur005-400x355.jpg", "price": "$8.99", "price_per_ounce": 89.89999999999999}, {"full_text": "Permanent. $22.00/0.11 oz.", "brand": "Too Faced", "name": "Bon Bon", "url": "http://www.temptalia.com/product/too-faced-la-creme/bon-bon", "review": "A", "user_rating": "4", "permanence": "P", "rgb": [215, 64, 49], "color_name": "pink", "image_url": "http://www.temptalia.com/wp-content/uploads/2013/12/toofaced_bonbon004-400x355.jpg", "price": "$22.00", "price_per_ounce": 200.0}, {"full_text": "Permanent. $22.00/0.11 oz.", "brand": "Too Faced", "name": "Jelly Bean", "url": "http://www.temptalia.com/product/too-faced-la-creme/jelly-bean", "review": "A+", "user_rating": "5", "permanence": "P", "rgb": [187, 43, 3], "color_name": "red", "image_url": "http://www.temptalia.com/wp-content/uploads/2013/12/toofaced_jellybean004-400x355.jpg", "price": "$22.00", "price_per_ounce": 200.0}, {"full_text": "Permanent. $22.00/0.11 oz.", "brand": "Too Faced", "name": "Lollipop", "url": "http://www.temptalia.com/product/too-faced-la-creme/lollipop", "review": "B", "user_rating": "0", "permanence": "P", "rgb": [136, 48, 18], "color_name": "fuchsia", "image_url": "http://www.temptalia.com/wp-content/uploads/2013/12/toofaced_lollipop004-400x355.jpg", "price": "$22.00", "price_per_ounce": 200.0}, {"full_text": "Permanent. $22.00/0.11 oz.", "brand": "Too Faced", "name": "Pink Chocolate", "url": "http://www.temptalia.com/product/too-faced-la-creme/pink-chocolate", "review": "A-", "user_rating": "0", "permanence": "P", "rgb": [160, 37, 32], "color_name": "red", "image_url": "http://www.temptalia.com/wp-content/uploads/2013/12/toofaced_pinkchocolate004-400x355.jpg", "price": "$22.00", "price_per_ounce": 200.0}, {"full_text": "Permanent. $22.00/0.11 oz.", "brand": "Too Faced", "name": "Taffy", "url": "http://www.temptalia.com/product/too-faced-la-creme/taffy", "review": "C+", "user_rating": "0", "permanence": "P", "rgb": [171, 64, 64], "color_name": "pink", "image_url": "http://www.temptalia.com/wp-content/uploads/2013/12/toofaced_taffy004-400x355.jpg", "price": "$22.00", "price_per_ounce": 200.0}, {"full_text": "Permanent. $8.99/0.10 oz.", "brand": "Revlon", "name": "Whimsical (115)", "url": "http://www.temptalia.com/product/revlon-colorburst-lacquer-balm/whimsical-115", "review": "B+", "user_rating": "3", "permanence": "P", "rgb": [177, 51, 22], "color_name": "red", "image_url": "http://www.temptalia.com/wp-content/uploads/2013/12/revlon_115whimsical004-400x355.jpg", "price": "$8.99", "price_per_ounce": 89.89999999999999}, {"full_text": "Permanent. $8.99/0.10 oz.", "brand": "Revlon", "name": "Vivacious (120)", "url": "http://www.temptalia.com/product/revlon-colorburst-lacquer-balm/vivacious-120", "review": "A", "user_rating": "3", "permanence": "P", "rgb": [189, 44, 15], "color_name": "red", "image_url": "http://www.temptalia.com/wp-content/uploads/2013/12/revlon_120vivacious004-400x355.jpg", "price": "$8.99", "price_per_ounce": 89.89999999999999}, {"full_text": "Limited Edition. $17.00/0.10 oz.", "brand": "Paul and Joe Beaute", "name": "Once Upon a Time (081)", "url": "http://www.temptalia.com/product/paul-and-joe-beaute-lipstick-cs-refill/once-upon-a-time-081", "review": "A-", "user_rating": "0", "permanence": "LE", "rgb": [208, 41, 71], "color_name": "orange", "image_url": "http://www.temptalia.com/wp-content/uploads/2013/12/paulandjoe_081lipstick004-400x355.jpg", "price": "$17.00", "price_per_ounce": 170.0}, {"full_text": "Permanent. $36.00/0.12 oz.", "brand": "Givenchy", "name": "Magnolia Organza (301)", "url": "http://www.temptalia.com/product/givenchy-le-rouge/magnolia-organza-301", "review": "A+", "user_rating": "4", "permanence": "P", "rgb": [215, 61, 31], "color_name": "pink", "image_url": "http://www.temptalia.com/wp-content/uploads/2013/12/givenchy_magnolilaorganza004-400x355.jpg", "price": "$36.00", "price_per_ounce": 300.0}, {"full_text": "Permanent. $36.00/0.12 oz.", "brand": "Givenchy", "name": "Mandarine Bolero (304)", "url": "http://www.temptalia.com/product/givenchy-le-rouge/mandarine-bolero-304", "review": "A", "user_rating": "3", "permanence": "P", "rgb": [201, 38, 40], "color_name": "pink", "image_url": "http://www.temptalia.com/wp-content/uploads/2013/12/givenchy_mandarinebolero004-400x355.jpg", "price": "$36.00", "price_per_ounce": 300.0}, {"full_text": "Permanent. $36.00/0.12 oz.", "brand": "Givenchy", "name": "Carmin Escarpin (306)", "url": "http://www.temptalia.com/product/givenchy-le-rouge/carmin-escarpin-306", "review": "A+", "user_rating": "3", "permanence": "P", "rgb": [179, 10, 15], "color_name": "red", "image_url": "http://www.temptalia.com/wp-content/uploads/2013/12/givenchy_carminescarpin004-400x355.jpg", "price": "$36.00", "price_per_ounce": 300.0}, {"full_text": "Permanent. $16.00/0.10 oz.", "brand": "Tarte", "name": "Pink Peony", "url": "http://www.temptalia.com/product/tarte-amazonian-butter-lipstick/pink-peony", "review": "C+", "user_rating": "2", "permanence": "P", "rgb": [193, 68, 57], "color_name": "pink", "image_url": "http://www.temptalia.com/wp-content/uploads/2013/12/tarte_pinkpeony004-400x355.jpg", "price": "$16.00", "price_per_ounce": 160.0}, {"full_text": "Permanent. $16.00/0.10 oz.", "brand": "Tarte", "name": "Tulip", "url": "http://www.temptalia.com/product/tarte-amazonian-butter-lipstick/tulip", "review": "C+", "user_rating": "2", "permanence": "P", "rgb": [190, 63, 53], "color_name": "pink", "image_url": "http://www.temptalia.com/wp-content/uploads/2013/12/tarte_tulip005-400x355.jpg", "price": "$16.00", "price_per_ounce": 160.0}, {"full_text": "Permanent. $7.00/0.27 oz.", "brand": "Fyrinnae", "name": "Winter Romance", "url": "http://www.temptalia.com/product/fyrinnae-lip-lustre/winter-romance", "review": "A-", "user_rating": "3", "permanence": "P", "rgb": [117, 9, 9], "color_name": "red", "image_url": "http://www.temptalia.com/wp-content/uploads/2013/12/fyrinnae_winterromance004-400x355.jpg", "price": "$7.00", "price_per_ounce": 25.925925925925924}, {"full_text": "Permanent. $32.00/0.12 oz.", "brand": "Charlotte Tilbury", "name": "Coachella Coral", "url": "http://www.temptalia.com/product/charlotte-tilbury-kissing-lipstick/coachella-coral", "review": "-", "user_rating": "4", "permanence": "P", "rgb": [206, 61, 49], "color_name": "pink", "image_url": "http://www.temptalia.com/wp-content/uploads/2013/12/charlottetilbury_coachellacoral004-400x355.jpg", "price": "$32.00", "price_per_ounce": 266.6666666666667}, {"full_text": "Permanent. $32.00/0.12 oz.", "brand": "Charlotte Tilbury", "name": "Velvet Underground", "url": "http://www.temptalia.com/product/charlotte-tilbury-kissing-lipstick/velvet-underground", "review": "-", "user_rating": "3", "permanence": "P", "rgb": [205, 52, 2], "color_name": "pink", "image_url": "http://www.temptalia.com/wp-content/uploads/2013/12/charlottetilbury_velvetunderground007-400x355.jpg", "price": "$32.00", "price_per_ounce": 266.6666666666667}, {"full_text": "Permanent. $36.00/0.12 oz.", "brand": "Givenchy", "name": "Rose Taffetas (201)", "url": "http://www.temptalia.com/product/givenchy-le-rouge/rose-taffetas-201", "review": "A", "user_rating": "5", "permanence": "P", "rgb": [225, 100, 69], "color_name": "pink", "image_url": "http://www.temptalia.com/wp-content/uploads/2013/11/givenchy_rosetaffetas004-400x355.jpg", "price": "$36.00", "price_per_ounce": 300.0}, {"full_text": "Permanent. $36.00/0.12 oz.", "brand": "Givenchy", "name": "Rose Dentelle (203)", "url": "http://www.temptalia.com/product/givenchy-le-rouge/rose-dentelle-203", "review": "A+", "user_rating": "0", "permanence": "P", "rgb": [197, 49, 40], "color_name": "pink", "image_url": "http://www.temptalia.com/wp-content/uploads/2013/11/givenchy_rosedentelle004-400x355.jpg", "price": "$36.00", "price_per_ounce": 300.0}, {"full_text": "Permanent. $36.00/0.12 oz.", "brand": "Givenchy", "name": "Brun Cachemire (104)", "url": "http://www.temptalia.com/product/givenchy-le-rouge/brun-cachemire-104", "review": "A", "user_rating": "5", "permanence": "P", "rgb": [175, 45, 48], "color_name": "pink", "image_url": "http://www.temptalia.com/wp-content/uploads/2013/11/givenchy_bruncachemire004-400x355.jpg", "price": "$36.00", "price_per_ounce": 300.0}, {"full_text": "Limited Edition. $33.00/0.12 oz.", "brand": "Dolce and Gabbana", "name": "Rubino", "url": "http://www.temptalia.com/product/dolce-and-gabbana-classic-cream-lipstick/rubino", "review": "B+", "user_rating": "2", "permanence": "LE", "rgb": [155, 30, 24], "color_name": "red", "image_url": "http://www.temptalia.com/wp-content/uploads/2013/11/dolcegabbana_rubino005-400x355.jpg", "price": "$33.00", "price_per_ounce": 275.0}, {"full_text": "Limited Edition. $33.00/0.12 oz.", "brand": "Dolce and Gabbana", "name": "Topazio", "url": "http://www.temptalia.com/product/dolce-and-gabbana-classic-cream-lipstick/topazio", "review": "D", "user_rating": "1", "permanence": "LE", "rgb": [161, 38, 54], "color_name": "red", "image_url": "http://www.temptalia.com/wp-content/uploads/2013/11/dolcegabbana_topazio005-400x355.jpg", "price": "$33.00", "price_per_ounce": 275.0}, {"full_text": "Permanent. $36.00/0.12 oz.", "brand": "Givenchy", "name": "Beige Plume (102)", "url": "http://www.temptalia.com/product/givenchy-le-rouge/beige-plume-102", "review": "B+", "user_rating": "3", "permanence": "P", "rgb": [214, 93, 99], "color_name": "pink", "image_url": "http://www.temptalia.com/wp-content/uploads/2013/11/givenchy_beigeplume004-400x355.jpg", "price": "$36.00", "price_per_ounce": 300.0}, {"full_text": "Permanent. $36.00/0.12 oz.", "brand": "Givenchy", "name": "Brun Createur (103)", "url": "http://www.temptalia.com/product/givenchy-le-rouge/brun-createur-103", "review": "A+", "user_rating": "4", "permanence": "P", "rgb": [196, 60, 56], "color_name": "pink", "image_url": "http://www.temptalia.com/wp-content/uploads/2013/11/givenchy_bruncreateur004-400x355.jpg", "price": "$36.00", "price_per_ounce": 300.0}, {"full_text": "Permanent. $36.00/0.12 oz.", "brand": "Givenchy", "name": "Beige Mousseline (101)", "url": "http://www.temptalia.com/product/givenchy-le-rouge/beige-mousseline-101", "review": "A", "user_rating": "3", "permanence": "P", "rgb": [186, 71, 85], "color_name": "pink", "image_url": "http://www.temptalia.com/wp-content/uploads/2013/11/givenchy_beigemousseline004-400x355.jpg", "price": "$36.00", "price_per_ounce": 300.0}, {"full_text": "Limited Edition. $21.00/0.13 oz.", "brand": "Buxom", "name": "Mistress", "url": "http://www.temptalia.com/product/buxom-full-bodied-lipstick/mistress", "review": "A", "user_rating": "2", "permanence": "LE", "rgb": [207, 83, 57], "color_name": "pink", "image_url": "http://www.temptalia.com/wp-content/uploads/2013/11/buxom_serialkisserset020-400x355.jpg", "price": "$21.00", "price_per_ounce": 161.53846153846152}, {"full_text": "Limited Edition. $21.00/0.13 oz.", "brand": "Buxom", "name": "Centerfold", "url": "http://www.temptalia.com/product/buxom-full-bodied-lipstick/centerfold", "review": "A", "user_rating": "3", "permanence": "LE", "rgb": [192, 86, 66], "color_name": "pink", "image_url": "http://www.temptalia.com/wp-content/uploads/2013/11/buxom_serialkisserset026-400x355.jpg", "price": "$21.00", "price_per_ounce": 161.53846153846152}, {"full_text": "Limited Edition. $21.00/0.13 oz.", "brand": "Buxom", "name": "Moonlighter", "url": "http://www.temptalia.com/product/buxom-full-bodied-lipstick/moonlighter", "review": "A-", "user_rating": "1", "permanence": "LE", "rgb": [161, 44, 23], "color_name": "red", "image_url": "http://www.temptalia.com/wp-content/uploads/2013/11/buxom_serialkisserset032-400x355.jpg", "price": "$21.00", "price_per_ounce": 161.53846153846152}, {"full_text": "Limited Edition. $33.00/0.12 oz.", "brand": "Dolce and Gabbana", "name": "Smeraldo", "url": "http://www.temptalia.com/product/dolce-and-gabbana-classic-cream-lipstick/smeraldo", "review": "F", "user_rating": "2", "permanence": "LE", "rgb": [44, 32, 37], "color_name": "nude", "image_url": "http://www.temptalia.com/wp-content/uploads/2013/11/dolcegabbana_smeraldo005-400x355.jpg", "price": "$33.00", "price_per_ounce": 275.0}, {"full_text": "Limited Edition. $33.00/0.12 oz.", "brand": "Dolce and Gabbana", "name": "Ametista", "url": "http://www.temptalia.com/product/dolce-and-gabbana-classic-cream-lipstick/ametista", "review": "D", "user_rating": "1", "permanence": "LE", "rgb": [157, 63, 48], "color_name": "pink", "image_url": "http://www.temptalia.com/wp-content/uploads/2013/11/dolcegabbana_ametista005-400x355.jpg", "price": "$33.00", "price_per_ounce": 275.0}, {"full_text": "Limited Edition. $17.00/0.10 oz.", "brand": "MAC", "name": "Hautecore", "url": "http://www.temptalia.com/product/mac-cosmetics-lipstick/hautecore", "review": "C+", "user_rating": "2", "permanence": "LE", "rgb": [17, 5, 6], "color_name": "burgundy", "image_url": "http://www.temptalia.com/wp-content/uploads/2013/11/mac_hautecore004-400x355.jpg", "price": "$17.00", "price_per_ounce": 170.0}, {"full_text": "Limited Edition. $50.00/0.10 oz.", "brand": "Tom Ford Beauty", "name": "Rouge Fatal", "url": "http://www.temptalia.com/product/tom-ford-beauty-lip-color/rouge-fatal", "review": "A+", "user_rating": "3", "permanence": "LE", "rgb": [127, 9, 8], "color_name": "red", "image_url": "http://www.temptalia.com/wp-content/uploads/2013/11/tomford_rougefatal004-400x355.jpg", "price": "$50.00", "price_per_ounce": 500.0}, {"full_text": "Permanent. $30.00/0.12 oz.", "brand": "Marc Jacobs Beauty", "name": "Showstopper (134)", "url": "http://www.temptalia.com/product/marc-jacobs-beauty-lovemarc-lip-gel/showstopper-134", "review": "A", "user_rating": "5", "permanence": "P", "rgb": [147, 12, 13], "color_name": "red", "image_url": "http://www.temptalia.com/wp-content/uploads/2013/11/marcjacobs_134showstopper004-400x355.jpg", "price": "$30.00", "price_per_ounce": 250.0}, {"full_text": "Limited Edition. ", "brand": "Anna Sui", "name": "Minnie Mouse (01)", "url": "http://www.temptalia.com/product/anna-sui-lipstick/minnie-mouse-01", "review": "A", "user_rating": "0", "permanence": "LE", "rgb": [152, 10, 6], "color_name": "red", "image_url": "http://www.temptalia.com/wp-content/uploads/2013/11/annasui_rocksongminniekit024-400x355.jpg", "price": "$0.00", "price_per_ounce": "NA"}, {"full_text": "Limited Edition. $36.00/0.12 oz.", "brand": "Dior", "name": "Minuit", "url": "http://www.temptalia.com/product/dior-diorific-lipstick/minuit", "review": "A+", "user_rating": "3", "permanence": "LE", "rgb": [160, 24, 6], "color_name": "red", "image_url": "http://www.temptalia.com/wp-content/uploads/2013/11/dior_minuitdiorific004-400x355.jpg", "price": "$36.00", "price_per_ounce": 300.0}, {"full_text": "Limited Edition. $50.00/0.10 oz.", "brand": "Tom Ford Beauty", "name": "Vampire Kiss", "url": "http://www.temptalia.com/product/tom-ford-beauty-lip-color/vampire-kiss", "review": "A", "user_rating": "5", "permanence": "LE", "rgb": [188, 13, 1], "color_name": "red", "image_url": "http://www.temptalia.com/wp-content/uploads/2013/11/tomford_vampirekiss004-400x355.jpg", "price": "$50.00", "price_per_ounce": 500.0}, {"full_text": "Limited Edition. $17.00/0.10 oz.", "brand": "MAC", "name": "How Darling", "url": "http://www.temptalia.com/product/mac-cosmetics-lipstick/how-darling", "review": "B", "user_rating": "0", "permanence": "LE", "rgb": [183, 92, 82], "color_name": "nude", "image_url": "http://www.temptalia.com/wp-content/uploads/2013/10/mac_strokeofmidnightpinkset011-400x355.jpg", "price": "$17.00", "price_per_ounce": 170.0}, {"full_text": "Limited Edition. $36.00/0.12 oz.", "brand": "Chanel", "name": "Audacieuse (134)", "url": "http://www.temptalia.com/product/chanel-rouge-allure-luminous-intense-lip-colour/audacieuse-134", "review": "A-", "user_rating": "4", "permanence": "LE", "rgb": [192, 41, 25], "color_name": "pink", "image_url": "http://www.temptalia.com/wp-content/uploads/2013/10/chanel_audacieuse004-400x355.jpg", "price": "$36.00", "price_per_ounce": 300.0}, {"full_text": "Permanent. $22.00/0.11 oz.", "brand": "Too Faced", "name": "Coral Fire", "url": "http://www.temptalia.com/product/too-faced-la-creme/coral-fire", "review": "A", "user_rating": "4", "permanence": "P", "rgb": [195, 50, 46], "color_name": "pink", "image_url": "http://www.temptalia.com/wp-content/uploads/2013/10/toofaced_coralfire004-400x355.jpg", "price": "$22.00", "price_per_ounce": 200.0}, {"full_text": "Limited Edition. $36.00/0.12 oz.", "brand": "Chanel", "name": "Impulsive (132)", "url": "http://www.temptalia.com/product/chanel-rouge-allure-luminous-intense-lip-colour/impulsive-132", "review": "B+", "user_rating": "4", "permanence": "LE", "rgb": [170, 27, 23], "color_name": "red", "image_url": "http://www.temptalia.com/wp-content/uploads/2013/10/chanel_132impulsive004-400x355.jpg", "price": "$36.00", "price_per_ounce": 300.0}, {"full_text": "Permanent. $36.00/0.12 oz.", "brand": "Chanel", "name": "Enigmatique (135)", "url": "http://www.temptalia.com/product/chanel-rouge-allure-luminous-intense-lip-colour/enigmatique-135", "review": "B+", "user_rating": "0", "permanence": "P", "rgb": [164, 23, 22], "color_name": "red", "image_url": "http://www.temptalia.com/wp-content/uploads/2013/10/chanel_135enigmatique004-400x355.jpg", "price": "$36.00", "price_per_ounce": 300.0}, {"full_text": "Limited Edition. $17.00/0.10 oz.", "brand": "MAC", "name": "Pleasure Bomb", "url": "http://www.temptalia.com/product/mac-cosmetics-lipstick/pleasure-bomb", "review": "A-", "user_rating": "5", "permanence": "LE", "rgb": [171, 38, 2], "color_name": "red", "image_url": "http://www.temptalia.com/wp-content/uploads/2013/10/mac_pleasurebomb004-400x355.jpg", "price": "$17.00", "price_per_ounce": 170.0}, {"full_text": "Limited Edition. $17.00/0.10 oz.", "brand": "MAC", "name": "Bad Girl RiRi", "url": "http://www.temptalia.com/product/mac-cosmetics-lipstick/bad-girl-riri", "review": "A", "user_rating": "4", "permanence": "LE", "rgb": [148, 44, 47], "color_name": "red", "image_url": "http://www.temptalia.com/wp-content/uploads/2013/10/mac_badgirlriri004-400x355.jpg", "price": "$17.00", "price_per_ounce": 170.0}, {"full_text": "Limited Edition. $36.00/0.12 oz.", "brand": "Chanel", "name": "La Precieuse (317)", "url": "http://www.temptalia.com/product/chanel-rouge-allure-velvet/la-precieuse-317", "review": "B+", "user_rating": "0", "permanence": "LE", "rgb": [165, 18, 8], "color_name": "red", "image_url": "http://www.temptalia.com/wp-content/uploads/2013/10/chanel_317laprecieuse004-400x355.jpg", "price": "$36.00", "price_per_ounce": 300.0}, {"full_text": "Limited Edition. $36.00/0.12 oz.", "brand": "Chanel", "name": "La Desiree (327)", "url": "http://www.temptalia.com/product/chanel-rouge-allure-velvet/la-desiree-327", "review": "B", "user_rating": "3", "permanence": "LE", "rgb": [125, 11, 6], "color_name": "red", "image_url": "http://www.temptalia.com/wp-content/uploads/2013/10/chanel_327ladesiree004-400x355.jpg", "price": "$36.00", "price_per_ounce": 300.0}, {"full_text": "Permanent. $36.00/0.12 oz.", "brand": "Chanel", "name": "Surprenante (129)", "url": "http://www.temptalia.com/product/chanel-rouge-allure-luminous-intense-lip-colour/surprenante-129", "review": "B+", "user_rating": "4", "permanence": "P", "rgb": [180, 55, 42], "color_name": "pink", "image_url": "http://www.temptalia.com/wp-content/uploads/2013/10/chanel_129suprenante004-400x355.jpg", "price": "$36.00", "price_per_ounce": 300.0}, {"full_text": "Permanent. $36.00/0.12 oz.", "brand": "Chanel", "name": "Etonnante (131)", "url": "http://www.temptalia.com/product/chanel-rouge-allure-luminous-intense-lip-colour/etonnante-131", "review": "B+", "user_rating": "5", "permanence": "P", "rgb": [200, 52, 55], "color_name": "pink", "image_url": "http://www.temptalia.com/wp-content/uploads/2013/10/chanel_131etonnante004-400x355.jpg", "price": "$36.00", "price_per_ounce": 300.0}, {"full_text": "Limited Edition. $32.00/0.22 oz.", "brand": "Giorgio Armani", "name": "#505", "url": "http://www.temptalia.com/product/giorgio-armani-lip-maestro/505-3", "review": "A+", "user_rating": "0", "permanence": "LE", "rgb": [233, 84, 27], "color_name": "fuchsia", "image_url": "http://www.temptalia.com/wp-content/uploads/2013/10/giorgioarmani_505lipmaestro004-400x355.jpg", "price": "$32.00", "price_per_ounce": 145.45454545454547}, {"full_text": "Limited Edition. $17.00/0.10 oz.", "brand": "MAC", "name": "Night to Remember", "url": "http://www.temptalia.com/product/mac-cosmetics-lipstick/night-to-remember", "review": "A", "user_rating": "0", "permanence": "LE", "rgb": [163, 14, 12], "color_name": "red", "image_url": "http://www.temptalia.com/wp-content/uploads/2013/10/mac_strokeofmidnightlipcheekcoral018-400x355.jpg", "price": "$17.00", "price_per_ounce": 170.0}, {"full_text": "Limited Edition. $17.00/0.10 oz.", "brand": "MAC", "name": "Love Talk", "url": "http://www.temptalia.com/product/mac-cosmetics-lipstick/love-talk", "review": "A-", "user_rating": "0", "permanence": "LE", "rgb": [152, 55, 62], "color_name": "pink", "image_url": "http://www.temptalia.com/wp-content/uploads/2013/10/mac_strokeofmidnightwarmface016-400x355.jpg", "price": "$17.00", "price_per_ounce": 170.0}, {"full_text": "Limited Edition. $17.00/0.10 oz.", "brand": "MAC", "name": "Sublime Pleasure", "url": "http://www.temptalia.com/product/mac-cosmetics-lipstick/sublime-pleasure", "review": "B-", "user_rating": "0", "permanence": "LE", "rgb": [197, 110, 108], "color_name": "nude", "image_url": "http://www.temptalia.com/wp-content/uploads/2013/10/mac_strokeofmidnightcoolface011-400x355.jpg", "price": "$17.00", "price_per_ounce": 170.0}, {"full_text": "Limited Edition. $17.00/0.10 oz.", "brand": "MAC", "name": "Romantically Inclined", "url": "http://www.temptalia.com/product/mac-cosmetics-lipstick/romantically-inclined", "review": "A", "user_rating": "0", "permanence": "LE", "rgb": [147, 71, 33], "color_name": "fuchsia", "image_url": "http://www.temptalia.com/wp-content/uploads/2013/10/mac_strokeofmidnightcoolface016-400x355.jpg", "price": "$17.00", "price_per_ounce": 170.0}, {"full_text": "Limited Edition. $17.00/0.10 oz.", "brand": "MAC", "name": "Flair for Finery", "url": "http://www.temptalia.com/product/mac-cosmetics-lipstick/flair-for-finery", "review": "B+", "user_rating": "3", "permanence": "LE", "rgb": [187, 104, 106], "color_name": "nude", "image_url": "http://www.temptalia.com/wp-content/uploads/2013/10/mac_flairforfinerylipstick004-400x355.jpg", "price": "$17.00", "price_per_ounce": 170.0}, {"full_text": "Limited Edition. $17.00/0.10 oz.", "brand": "MAC", "name": "Prepare for Pleasure", "url": "http://www.temptalia.com/product/mac-cosmetics-lipstick/prepare-for-pleasure", "review": "A-", "user_rating": "3", "permanence": "LE", "rgb": [164, 25, 11], "color_name": "red", "image_url": "http://www.temptalia.com/wp-content/uploads/2013/10/mac_prepareforpleasure004-400x355.jpg", "price": "$17.00", "price_per_ounce": 170.0}, {"full_text": "Limited Edition. $17.00/0.10 oz.", "brand": "MAC", "name": "Private Party", "url": "http://www.temptalia.com/product/mac-cosmetics-lipstick/private-party", "review": "A", "user_rating": "4", "permanence": "LE", "rgb": [143, 53, 34], "color_name": "red", "image_url": "http://www.temptalia.com/wp-content/uploads/2013/10/mac_privateparty004-400x355.jpg", "price": "$17.00", "price_per_ounce": 170.0}, {"full_text": "Limited Edition. $17.00/0.10 oz.", "brand": "MAC", "name": "You've Got It", "url": "http://www.temptalia.com/product/mac-cosmetics-lipstick/youve-got-it", "review": "C-", "user_rating": "3", "permanence": "LE", "rgb": [185, 83, 89], "color_name": "nude", "image_url": "http://www.temptalia.com/wp-content/uploads/2013/10/mac_youvegotitlipstick004-400x355.jpg", "price": "$17.00", "price_per_ounce": 170.0}, {"full_text": "Limited Edition. $17.00/0.10 oz.", "brand": "MAC", "name": "Exclusive Event", "url": "http://www.temptalia.com/product/mac-cosmetics-lipstick/exclusive-event", "review": "A-", "user_rating": "5", "permanence": "LE", "rgb": [156, 70, 83], "color_name": "nude", "image_url": "http://www.temptalia.com/wp-content/uploads/2013/10/mac_exclusiveevent004-400x355.jpg", "price": "$17.00", "price_per_ounce": 170.0}, {"full_text": "Permanent. $5.49/0.14 oz.", "brand": "Milani", "name": "Bronze Beauty", "url": "http://www.temptalia.com/product/milani-color-statement-lipstick/bronze-beauty", "review": "B+", "user_rating": "0", "permanence": "P", "rgb": [170, 17, 37], "color_name": "red", "image_url": "http://www.temptalia.com/wp-content/uploads/2013/10/milani_bronzebeauty004-400x355.jpg", "price": "$5.49", "price_per_ounce": 39.214285714285715}, {"full_text": "Limited Edition. $36.00/0.12 oz.", "brand": "Chanel", "name": "Equivoque (126)", "url": "http://www.temptalia.com/product/chanel-rouge-allure-luminous-intense-lip-colour/equivoque-126", "review": "C+", "user_rating": "0", "permanence": "LE", "rgb": [168, 54, 54], "color_name": "pink", "image_url": "http://www.temptalia.com/wp-content/uploads/2013/10/chanel_126equivoque004-400x355.jpg", "price": "$36.00", "price_per_ounce": 300.0}, {"full_text": "Limited Edition. $36.00/0.12 oz.", "brand": "Chanel", "name": "Ambigue (124)", "url": "http://www.temptalia.com/product/chanel-rouge-allure-luminous-intense-lip-colour/ambigue-124", "review": "B+", "user_rating": "5", "permanence": "LE", "rgb": [165, 53, 60], "color_name": "pink", "image_url": "http://www.temptalia.com/wp-content/uploads/2013/10/chanel_124ambigue004-400x355.jpg", "price": "$36.00", "price_per_ounce": 300.0}, {"full_text": "Limited Edition. $26.00/0.10 oz.", "brand": "NARS", "name": "Full Frontal", "url": "http://www.temptalia.com/product/nars-cosmetics-cinematic-lipstick/full-frontal", "review": "-", "user_rating": "5", "permanence": "LE", "rgb": [182, 92, 33], "color_name": "fuchsia", "image_url": "http://www.temptalia.com/wp-content/uploads/2013/10/nars_fullfrontal004-400x355.jpg", "price": "$26.00", "price_per_ounce": 260.0}, {"full_text": "Limited Edition. $26.00/0.10 oz.", "brand": "NARS", "name": "Future Red", "url": "http://www.temptalia.com/product/nars-cosmetics-cinematic-lipstick/future-red", "review": "-", "user_rating": "0", "permanence": "LE", "rgb": [164, 5, 5], "color_name": "red", "image_url": "http://www.temptalia.com/wp-content/uploads/2013/10/nars_futurered004-400x355.jpg", "price": "$26.00", "price_per_ounce": 260.0}, {"full_text": "Limited Edition. $26.00/0.10 oz.", "brand": "NARS", "name": "Goodbye Emmanuelle", "url": "http://www.temptalia.com/product/nars-cosmetics-cinematic-lipstick/goodbye-emmanuelle", "review": "-", "user_rating": "3", "permanence": "LE", "rgb": [187, 78, 29], "color_name": "fuchsia", "image_url": "http://www.temptalia.com/wp-content/uploads/2013/10/nars_goodbyeemmanuelle004-400x355.jpg", "price": "$26.00", "price_per_ounce": 260.0}, {"full_text": "Limited Edition. $26.00/0.10 oz.", "brand": "NARS", "name": "Last Tango", "url": "http://www.temptalia.com/product/nars-cosmetics-cinematic-lipstick/last-tango", "review": "-", "user_rating": "2", "permanence": "LE", "rgb": [121, 39, 34], "color_name": "red", "image_url": "http://www.temptalia.com/wp-content/uploads/2013/10/nars_lasttango004-400x355.jpg", "price": "$26.00", "price_per_ounce": 260.0}, {"full_text": "Limited Edition. $26.00/0.10 oz.", "brand": "NARS", "name": "Short Circuit", "url": "http://www.temptalia.com/product/nars-cosmetics-cinematic-lipstick/short-circuit", "review": "-", "user_rating": "2", "permanence": "LE", "rgb": [186, 10, 19], "color_name": "red", "image_url": "http://www.temptalia.com/wp-content/uploads/2013/10/nars_shortcircuit004-400x355.jpg", "price": "$26.00", "price_per_ounce": 260.0}, {"full_text": "Limited Edition. $36.00/0.12 oz.", "brand": "Givenchy", "name": "Violine Precieux (312)", "url": "http://www.temptalia.com/product/givenchy-le-rouge-intense-color-sensuously-matte-lipstick/violine-precieux-312", "review": "A", "user_rating": "5", "permanence": "LE", "rgb": [144, 43, 26], "color_name": "red", "image_url": "http://www.temptalia.com/wp-content/uploads/2013/10/givenchy_312violineprecieux004-400x355.jpg", "price": "$36.00", "price_per_ounce": 300.0}, {"full_text": "Permanent. $23.00/0.28 oz.", "brand": "Ardency Inn", "name": "Original Mix", "url": "http://www.temptalia.com/product/ardency-inn-modster-long-play-lip-vinyl/original-mix", "review": "-", "user_rating": "0", "permanence": "P", "rgb": [158, 5, 5], "color_name": "red", "image_url": "http://www.temptalia.com/wp-content/uploads/2013/10/ardencyinn_originalmix006-400x355.jpg", "price": "$23.00", "price_per_ounce": 82.14285714285714}, {"full_text": "Permanent. $25.00/0.12 oz.", "brand": "Ardency Inn", "name": "Twist", "url": "http://www.temptalia.com/product/ardency-inn-modster-long-play-supercharged-lip-color/twist", "review": "-", "user_rating": "4", "permanence": "P", "rgb": [178, 69, 3], "color_name": "fuchsia", "image_url": "http://www.temptalia.com/wp-content/uploads/2013/10/ardencyinn_twist006-400x355.jpg", "price": "$25.00", "price_per_ounce": 208.33333333333334}, {"full_text": "Permanent. $36.00/0.12 oz.", "brand": "Chanel", "name": "Farouche (122)", "url": "http://www.temptalia.com/product/chanel-rouge-allure-luminous-intense-lip-colour/farouche-122", "review": "A-", "user_rating": "3", "permanence": "P", "rgb": [112, 21, 23], "color_name": "red", "image_url": "http://www.temptalia.com/wp-content/uploads/2013/10/chanel_122farouche004-400x355.jpg", "price": "$36.00", "price_per_ounce": 300.0}, {"full_text": "Permanent. $36.00/0.12 oz.", "brand": "Chanel", "name": "Indecise (125)", "url": "http://www.temptalia.com/product/chanel-rouge-allure-luminous-intense-lip-colour/indecise-125", "review": "B", "user_rating": "5", "permanence": "P", "rgb": [172, 51, 57], "color_name": "pink", "image_url": "http://www.temptalia.com/wp-content/uploads/2013/10/chanel_125indecise004-400x355.jpg", "price": "$36.00", "price_per_ounce": 300.0}, {"full_text": "Limited Edition. $36.00/0.12 oz.", "brand": "Chanel", "name": "Radieuse (217)", "url": "http://www.temptalia.com/product/chanel-rouge-allure-luminous-intense-lip-colour/radieuse-217", "review": "B+", "user_rating": "4", "permanence": "LE", "rgb": [183, 80, 69], "color_name": "pink", "image_url": "http://www.temptalia.com/wp-content/uploads/2013/10/chanel_217radieuse004-400x355.jpg", "price": "$36.00", "price_per_ounce": 300.0}, {"full_text": "Limited Edition. $51.00/0.12 oz.", "brand": "Guerlain", "name": "Provocative (863)", "url": "http://www.temptalia.com/product/guerlain-rouge-g-de-guerlain-lip-color/provocative-863", "review": "A+", "user_rating": "0", "permanence": "LE", "rgb": [179, 29, 1], "color_name": "red", "image_url": "http://www.temptalia.com/wp-content/uploads/2013/10/guerlain_provocativerougeg005-400x355.jpg", "price": "$51.00", "price_per_ounce": 425.0}, {"full_text": "Limited Edition. $37.00/0.12 oz.", "brand": "Guerlain", "name": "Illusion (660)", "url": "http://www.temptalia.com/product/guerlain-rouge-automatique-lip-color/illusion-660", "review": "A-", "user_rating": "4", "permanence": "LE", "rgb": [165, 44, 11], "color_name": "red", "image_url": "http://www.temptalia.com/wp-content/uploads/2013/10/guerlain_660illusion007-400x355.jpg", "price": "$37.00", "price_per_ounce": 308.33333333333337}, {"full_text": "Limited Edition. $36.00/0.12 oz.", "brand": "Givenchy", "name": "Rose Precieux (311)", "url": "http://www.temptalia.com/product/givenchy-le-rouge-intense-color-sensuously-matte-lipstick/rose-precieux-311", "review": "A+", "user_rating": "0", "permanence": "LE", "rgb": [120, 17, 10], "color_name": "red", "image_url": "http://www.temptalia.com/wp-content/uploads/2013/09/givenchy_311roseprecieux006-400x355.jpg", "price": "$36.00", "price_per_ounce": 300.0}, {"full_text": "Limited Edition. ", "brand": "theBalm", "name": "Second Officer", "url": "http://www.temptalia.com/product/thebalm-lipcheek-color/second-officer", "review": "B", "user_rating": "0", "permanence": "LE", "rgb": [159, 31, 25], "color_name": "red", "image_url": "http://www.temptalia.com/wp-content/uploads/2013/09/thebalm_balmvoyagepalette044-400x355.jpg", "price": "$0.00", "price_per_ounce": "NA"}, {"full_text": "Limited Edition. ", "brand": "theBalm", "name": "First Officer", "url": "http://www.temptalia.com/product/thebalm-lipcheek-color/first-officer", "review": "B+", "user_rating": "0", "permanence": "LE", "rgb": [211, 61, 74], "color_name": "pink", "image_url": "http://www.temptalia.com/wp-content/uploads/2013/09/thebalm_balmvoyagepalette049-400x355.jpg", "price": "$0.00", "price_per_ounce": "NA"}, {"full_text": "Limited Edition. ", "brand": "theBalm", "name": "Captain", "url": "http://www.temptalia.com/product/thebalm-lipcheek-color/captain", "review": "B", "user_rating": "0", "permanence": "LE", "rgb": [190, 58, 42], "color_name": "pink", "image_url": "http://www.temptalia.com/wp-content/uploads/2013/09/thebalm_balmvoyagepalette054-400x355.jpg", "price": "$0.00", "price_per_ounce": "NA"}, {"full_text": "Permanent. $34.00/0.12 oz.", "brand": "Dior", "name": "Trafalgar (844)", "url": "http://www.temptalia.com/product/dior-rouge-dior-couture-colour-voluptuous-care-lipstick/trafalgar-844", "review": "A", "user_rating": "0", "permanence": "P", "rgb": [179, 5, 13], "color_name": "red", "image_url": "http://www.temptalia.com/wp-content/uploads/2013/09/dior_trafalgarrougedior004-400x355.jpg", "price": "$34.00", "price_per_ounce": 283.33333333333337}, {"full_text": "Permanent. $7.99/0.13 oz.", "brand": "Revlon", "name": "Plum Velour", "url": "http://www.temptalia.com/product/revlon-super-lustrous-lipstick/plum-velour", "review": "B+", "user_rating": "3", "permanence": "P", "rgb": [158, 46, 21], "color_name": "red", "image_url": "http://www.temptalia.com/wp-content/uploads/2013/09/revlon_plumvelour004-400x355.jpg", "price": "$7.99", "price_per_ounce": 61.46153846153846}, {"full_text": "Limited Edition. $17.00/0.10 oz.", "brand": "MAC", "name": "Talk That Talk", "url": "http://www.temptalia.com/product/mac-cosmetics-lipstick/talk-that-talk", "review": "C+", "user_rating": "3", "permanence": "LE", "rgb": [58, 11, 3], "color_name": "burgundy", "image_url": "http://www.temptalia.com/wp-content/uploads/2013/09/mac_talkthattalk004-400x355.jpg", "price": "$17.00", "price_per_ounce": 170.0}, {"full_text": "Limited Edition. $17.00/0.10 oz.", "brand": "MAC", "name": "Who's That Chick", "url": "http://www.temptalia.com/product/mac-cosmetics-lipstick/whos-that-chick", "review": "B-", "user_rating": "4", "permanence": "LE", "rgb": [175, 26, 38], "color_name": "red", "image_url": "http://www.temptalia.com/wp-content/uploads/2013/09/mac_whosthatchick004-400x355.jpg", "price": "$17.00", "price_per_ounce": 170.0}, {"full_text": "Limited Edition. $17.00/0.10 oz.", "brand": "MAC", "name": "Nude", "url": "http://www.temptalia.com/product/mac-cosmetics-lipstick/nude", "review": "A-", "user_rating": "4", "permanence": "LE", "rgb": [120, 37, 42], "color_name": "red", "image_url": "http://www.temptalia.com/wp-content/uploads/2013/09/mac_nudelipstick004-400x355.jpg", "price": "$17.00", "price_per_ounce": 170.0}, {"full_text": "Limited Edition. $36.00/0.12 oz.", "brand": "Givenchy", "name": "Rose d'Exception (206)", "url": "http://www.temptalia.com/product/givenchy-le-rouge-intense-color-sensuously-matte-lipstick/rose-dexception-206", "review": "A", "user_rating": "0", "permanence": "LE", "rgb": [176, 74, 67], "color_name": "nude", "image_url": "http://www.temptalia.com/wp-content/uploads/2013/09/givenchy_206rosedexception008-400x355.jpg", "price": "$36.00", "price_per_ounce": 300.0}, {"full_text": "Limited Edition. $36.00/0.12 oz.", "brand": "Givenchy", "name": "Rouge d'Exception (308)", "url": "http://www.temptalia.com/product/givenchy-le-rouge-intense-color-sensuously-matte-lipstick/rouge-dexception-308", "review": "A+", "user_rating": "0", "permanence": "LE", "rgb": [145, 11, 20], "color_name": "red", "image_url": "http://www.temptalia.com/wp-content/uploads/2013/09/givenchy_308rougedexception004-400x355.jpg", "price": "$36.00", "price_per_ounce": 300.0}, {"full_text": "Permanent. $24.00/0.14 oz.", "brand": "Illamasqua", "name": "Shard", "url": "http://www.temptalia.com/product/illamasqua-lipstick/shard", "review": "A-", "user_rating": "5", "permanence": "P", "rgb": [91, 25, 10], "color_name": "burgundy", "image_url": "http://www.temptalia.com/wp-content/uploads/2013/09/illamasqua_shard004-400x355.jpg", "price": "$24.00", "price_per_ounce": 171.42857142857142}, {"full_text": "Permanent. $22.00/0.11 oz.", "brand": "Too Faced", "name": "Razzle Dazzle Rose", "url": "http://www.temptalia.com/product/too-faced-la-creme/razzle-dazzle-rose", "review": "B+", "user_rating": "5", "permanence": "P", "rgb": [202, 110, 81], "color_name": "pink", "image_url": "http://www.temptalia.com/wp-content/uploads/2013/09/toofaced_razzledazzlerose004-400x355.jpg", "price": "$22.00", "price_per_ounce": 200.0}, {"full_text": "Permanent. $24.00/0.06 oz.", "brand": "Laura Mercier", "name": "Cozy", "url": "http://www.temptalia.com/product/laura-mercier-rouge-nouveau-weightless-lip-colour/cozy", "review": "A", "user_rating": "0", "permanence": "P", "rgb": [167, 40, 34], "color_name": "red", "image_url": "http://www.temptalia.com/wp-content/uploads/2013/09/lauramercier_cozy005-400x355.jpg", "price": "$24.00", "price_per_ounce": 400.0}, {"full_text": "Limited Edition. $26.00/0.12 oz.", "brand": "Bobbi Brown", "name": "Berry", "url": "http://www.temptalia.com/product/bobbi-brown-lip-color/berry", "review": "A", "user_rating": "5", "permanence": "LE", "rgb": [175, 47, 24], "color_name": "red", "image_url": "http://www.temptalia.com/wp-content/uploads/2013/09/bobbibrown_berrylipcolor004-400x355.jpg", "price": "$26.00", "price_per_ounce": 216.66666666666669}, {"full_text": "Discontinued. $26.00/0.12 oz.", "brand": "Bobbi Brown", "name": "Baby Pink", "url": "http://www.temptalia.com/product/bobbi-brown-lip-color/baby-pink", "review": "A-", "user_rating": "5", "permanence": "DC", "rgb": [173, 64, 67], "color_name": "pink", "image_url": "http://www.temptalia.com/wp-content/uploads/2013/09/bobbibrown_babypink004-400x355.jpg", "price": "$26.00", "price_per_ounce": 216.66666666666669}, {"full_text": "Permanent. $22.00/0.11 oz.", "brand": "Too Faced", "name": "In the Buff", "url": "http://www.temptalia.com/product/too-faced-la-creme/in-the-buff", "review": "A", "user_rating": "0", "permanence": "P", "rgb": [176, 60, 73], "color_name": "pink", "image_url": "http://www.temptalia.com/wp-content/uploads/2013/09/toofaced_inthebuff004-400x355.jpg", "price": "$22.00", "price_per_ounce": 200.0}, {"full_text": "Permanent. $22.00/0.11 oz.", "brand": "Too Faced", "name": "Naughty Nude", "url": "http://www.temptalia.com/product/too-faced-la-creme/naughty-nude", "review": "A", "user_rating": "4", "permanence": "P", "rgb": [193, 78, 93], "color_name": "pink", "image_url": "http://www.temptalia.com/wp-content/uploads/2013/09/toofaced_naughtynude004-400x355.jpg", "price": "$22.00", "price_per_ounce": 200.0}, {"full_text": "Permanent. $17.00/0.10 oz.", "brand": "MAC", "name": "Relentlessly Red", "url": "http://www.temptalia.com/product/mac-cosmetics-lipstick/relentlessly-red", "review": "A-", "user_rating": "4", "permanence": "P", "rgb": [186, 33, 7], "color_name": "red", "image_url": "http://www.temptalia.com/wp-content/uploads/2013/08/mac_relentlesslyred004-400x355.jpg", "price": "$17.00", "price_per_ounce": 170.0}, {"full_text": "Permanent. $17.00/0.10 oz.", "brand": "MAC", "name": "Runway Hit", "url": "http://www.temptalia.com/product/mac-cosmetics-lipstick/runway-hit", "review": "B-", "user_rating": "3", "permanence": "P", "rgb": [181, 61, 59], "color_name": "pink", "image_url": "http://www.temptalia.com/wp-content/uploads/2013/08/mac_runwayhit004-400x355.jpg", "price": "$17.00", "price_per_ounce": 170.0}, {"full_text": "Permanent. $17.00/0.10 oz.", "brand": "MAC", "name": "Steady Going", "url": "http://www.temptalia.com/product/mac-cosmetics-lipstick/steady-going", "review": "C+", "user_rating": "4", "permanence": "P", "rgb": [184, 98, 61], "color_name": "fuchsia", "image_url": "http://www.temptalia.com/wp-content/uploads/2013/08/mac_steadygoing004-400x355.jpg", "price": "$17.00", "price_per_ounce": 170.0}, {"full_text": "Permanent. $17.00/0.10 oz.", "brand": "MAC", "name": "All Fired Up", "url": "http://www.temptalia.com/product/mac-cosmetics-lipstick/all-fired-up", "review": "B+", "user_rating": "4", "permanence": "P", "rgb": [168, 36, 8], "color_name": "red", "image_url": "http://www.temptalia.com/wp-content/uploads/2013/08/mac_allfiredup004-400x355.jpg", "price": "$17.00", "price_per_ounce": 170.0}, {"full_text": "Permanent. $17.00/0.10 oz.", "brand": "MAC", "name": "Dangerous", "url": "http://www.temptalia.com/product/mac-cosmetics-lipstick/dangerous", "review": "A-", "user_rating": "4", "permanence": "P", "rgb": [164, 13, 16], "color_name": "red", "image_url": "http://www.temptalia.com/wp-content/uploads/2013/08/mac_dangerous004-400x355.jpg", "price": "$17.00", "price_per_ounce": 170.0}, {"full_text": "Limited Edition. $17.00/0.10 oz.", "brand": "MAC", "name": "Fixed on Drama", "url": "http://www.temptalia.com/product/mac-cosmetics-lipstick/fixed-on-drama", "review": "B-", "user_rating": "3", "permanence": "LE", "rgb": [79, 15, 10], "color_name": "burgundy", "image_url": "http://www.temptalia.com/wp-content/uploads/2013/08/mac_fixedondrama004-400x355.jpg", "price": "$17.00", "price_per_ounce": 170.0}, {"full_text": "Permanent. $17.00/0.10 oz.", "brand": "MAC", "name": "Flat Out Fabulous", "url": "http://www.temptalia.com/product/mac-cosmetics-lipstick/flat-out-fabulous", "review": "B+", "user_rating": "4", "permanence": "P", "rgb": [174, 71, 9], "color_name": "fuchsia", "image_url": "http://www.temptalia.com/wp-content/uploads/2013/08/mac_flatoutfabulous004-400x355.jpg", "price": "$17.00", "price_per_ounce": 170.0}, {"full_text": "Limited Edition. $17.00/0.10 oz.", "brand": "MAC", "name": "Vivid Image", "url": "http://www.temptalia.com/product/mac-cosmetics-lipstick/vivid-image", "review": "B+", "user_rating": "5", "permanence": "LE", "rgb": [190, 121, 105], "color_name": "nude", "image_url": "http://www.temptalia.com/wp-content/uploads/2013/08/mac_antonionudepalette007-400x355.jpg", "price": "$17.00", "price_per_ounce": 170.0}, {"full_text": "Limited Edition. $17.00/0.10 oz.", "brand": "MAC", "name": "Antonio's Girls", "url": "http://www.temptalia.com/product/mac-cosmetics-lipstick/antonios-girls", "review": "A-", "user_rating": "0", "permanence": "LE", "rgb": [201, 90, 98], "color_name": "pink", "image_url": "http://www.temptalia.com/wp-content/uploads/2013/08/mac_antonionudepalette012-400x355.jpg", "price": "$17.00", "price_per_ounce": 170.0}, {"full_text": "Limited Edition. $17.00/0.10 oz.", "brand": "MAC", "name": "Art Directed", "url": "http://www.temptalia.com/product/mac-cosmetics-lipstick/art-directed", "review": "C", "user_rating": "3", "permanence": "LE", "rgb": [174, 63, 65], "color_name": "pink", "image_url": "http://www.temptalia.com/wp-content/uploads/2013/08/mac_antonionudepalette017-400x355.jpg", "price": "$17.00", "price_per_ounce": 170.0}, {"full_text": "Permanent. $18.00/0.33 oz.", "brand": "Obsessive Compulsive Cosmetics", "name": "Sebastian", "url": "http://www.temptalia.com/product/occ-makeup-lip-tar/sebastian", "review": "A", "user_rating": "5", "permanence": "P", "rgb": [142, 75, 74], "color_name": "nude", "image_url": "http://www.temptalia.com/wp-content/uploads/2013/08/occ_sebastian004-400x355.jpg", "price": "$18.00", "price_per_ounce": 54.54545454545454}, {"full_text": "Permanent. $18.00/0.33 oz.", "brand": "Obsessive Compulsive Cosmetics", "name": "Anita", "url": "http://www.temptalia.com/product/occ-makeup-lip-tar/anita", "review": "A", "user_rating": "0", "permanence": "P", "rgb": [47, 4, 5], "color_name": "burgundy", "image_url": "http://www.temptalia.com/wp-content/uploads/2013/08/occ_anita004-400x355.jpg", "price": "$18.00", "price_per_ounce": 54.54545454545454}, {"full_text": "Limited Edition. $17.00/0.10 oz.", "brand": "MAC", "name": "By Design", "url": "http://www.temptalia.com/product/mac-cosmetics-lipstick/by-design", "review": "B-", "user_rating": "3", "permanence": "LE", "rgb": [161, 50, 59], "color_name": "pink", "image_url": "http://www.temptalia.com/wp-content/uploads/2013/08/mac_bydesign004-400x355.jpg", "price": "$17.00", "price_per_ounce": 170.0}, {"full_text": "Limited Edition. $17.00/0.10 oz.", "brand": "MAC", "name": "Feed the Senses", "url": "http://www.temptalia.com/product/mac-cosmetics-lipstick/feed-the-senses", "review": "B-", "user_rating": "5", "permanence": "LE", "rgb": [171, 75, 73], "color_name": "nude", "image_url": "http://www.temptalia.com/wp-content/uploads/2013/08/mac_feedthesenses004-400x355.jpg", "price": "$17.00", "price_per_ounce": 170.0}, {"full_text": "Limited Edition. $17.00/0.10 oz.", "brand": "MAC", "name": "Just a Bite", "url": "http://www.temptalia.com/product/mac-cosmetics-lipstick/just-a-bite", "review": "A", "user_rating": "4", "permanence": "LE", "rgb": [122, 11, 4], "color_name": "red", "image_url": "http://www.temptalia.com/wp-content/uploads/2013/08/mac_justabite004-400x355.jpg", "price": "$17.00", "price_per_ounce": 170.0}, {"full_text": "Limited Edition. $17.00/0.10 oz.", "brand": "MAC", "name": "Sweet Succulence", "url": "http://www.temptalia.com/product/mac-cosmetics-lipstick/sweet-succulence", "review": "B-", "user_rating": "4", "permanence": "LE", "rgb": [116, 32, 24], "color_name": "red", "image_url": "http://www.temptalia.com/wp-content/uploads/2013/08/mac_sweetsucculence004-400x355.jpg", "price": "$17.00", "price_per_ounce": 170.0}, {"full_text": "Permanent. $35.00/0.10 oz.", "brand": "Chanel", "name": "Rendez-vous (87)", "url": "http://www.temptalia.com/product/chanel-rouge-coco-shine-hydrating-sheer-lipshine/rendez-vous-87", "review": "A", "user_rating": "4", "permanence": "P", "rgb": [182, 71, 52], "color_name": "pink", "image_url": "http://www.temptalia.com/wp-content/uploads/2013/08/chanel_rendezvous004-400x355.jpg", "price": "$35.00", "price_per_ounce": 350.0}, {"full_text": "Limited Edition. $35.00/0.10 oz.", "brand": "Chanel", "name": "Secret (85)", "url": "http://www.temptalia.com/product/chanel-rouge-coco-shine-hydrating-sheer-lipshine/secret-85", "review": "B+", "user_rating": "0", "permanence": "LE", "rgb": [180, 71, 71], "color_name": "nude", "image_url": "http://www.temptalia.com/wp-content/uploads/2013/08/chanel_secret004-400x355.jpg", "price": "$35.00", "price_per_ounce": 350.0}, {"full_text": "Permanent. $26.00/0.14 oz.", "brand": "Laura Mercier", "name": "Merlot", "url": "http://www.temptalia.com/product/laura-mercier-creme-smooth-lip-color/merlot", "review": "A", "user_rating": "5", "permanence": "P", "rgb": [132, 29, 12], "color_name": "red", "image_url": "http://www.temptalia.com/wp-content/uploads/2013/08/lauramercier_merlot004-400x355.jpg", "price": "$26.00", "price_per_ounce": 185.7142857142857}, {"full_text": "Limited Edition. $26.00/0.12 oz.", "brand": "NARS", "name": "413 BLKR", "url": "http://www.temptalia.com/product/nars-cosmetics-lipstick/413-blkr", "review": "A-", "user_rating": "5", "permanence": "LE", "rgb": [96, 15, 13], "color_name": "red", "image_url": "http://www.temptalia.com/wp-content/uploads/2013/08/nars_413blkrlipstick005-400x355.jpg", "price": "$26.00", "price_per_ounce": 216.66666666666669}, {"full_text": "Permanent. $32.00/0.14 oz.", "brand": "Giorgio Armani", "name": "#300", "url": "http://www.temptalia.com/product/giorgio-armani-rouge-darmani-lipstick/300-2", "review": "A", "user_rating": "0", "permanence": "P", "rgb": [176, 13, 24], "color_name": "red", "image_url": "http://www.temptalia.com/wp-content/uploads/2013/08/giorgioarmani_300rougedarmani004-400x355.jpg", "price": "$32.00", "price_per_ounce": 228.57142857142856}, {"full_text": "Limited Edition. $51.00/0.12 oz.", "brand": "Guerlain", "name": "Madame Flirte (861)", "url": "http://www.temptalia.com/product/guerlain-rouge-g-de-guerlain-lip-color/madame-flirte-861", "review": "A", "user_rating": "3", "permanence": "LE", "rgb": [181, 43, 28], "color_name": "pink", "image_url": "http://www.temptalia.com/wp-content/uploads/2013/08/guerlain_madameflirtrougeg004-400x355.jpg", "price": "$51.00", "price_per_ounce": 425.0}, {"full_text": "Limited Edition. $51.00/0.12 oz.", "brand": "Guerlain", "name": "Madame Reve (862)", "url": "http://www.temptalia.com/product/guerlain-rouge-g-de-guerlain-lip-color/madame-reve-862", "review": "A", "user_rating": "4", "permanence": "LE", "rgb": [182, 54, 33], "color_name": "pink", "image_url": "http://www.temptalia.com/wp-content/uploads/2013/08/guerlain_madamereve004-400x355.jpg", "price": "$51.00", "price_per_ounce": 425.0}, {"full_text": "Permanent. $36.00/0.12 oz.", "brand": "Givenchy", "name": "Grenat Initie (307)", "url": "http://www.temptalia.com/product/givenchy-le-rouge/grenat-initie-307", "review": "A+", "user_rating": "5", "permanence": "P", "rgb": [121, 6, 3], "color_name": "red", "image_url": "http://www.temptalia.com/wp-content/uploads/2013/08/givenchy_grenatinitie004-400x355.jpg", "price": "$36.00", "price_per_ounce": 300.0}, {"full_text": "Permanent. $18.00/0.33 oz.", "brand": "Obsessive Compulsive Cosmetics", "name": "Black Metal Dahlia", "url": "http://www.temptalia.com/product/occ-makeup-metallic-lip-tar/black-metal-dahlia", "review": "B", "user_rating": "4", "permanence": "P", "rgb": [72, 11, 4], "color_name": "burgundy", "image_url": "http://www.temptalia.com/wp-content/uploads/2013/08/occ_blackmetaldahlia004-400x355.jpg", "price": "$18.00", "price_per_ounce": 54.54545454545454}, {"full_text": "Permanent. $18.00/0.33 oz.", "brand": "Obsessive Compulsive Cosmetics", "name": "Role Play", "url": "http://www.temptalia.com/product/occ-makeup-metallic-lip-tar/role-play", "review": "A-", "user_rating": "0", "permanence": "P", "rgb": [128, 8, 4], "color_name": "red", "image_url": "http://www.temptalia.com/wp-content/uploads/2013/08/occ_roleplay004-400x355.jpg", "price": "$18.00", "price_per_ounce": 54.54545454545454}, {"full_text": "Limited Edition. $51.00/0.12 oz.", "brand": "Guerlain", "name": "Madame Batifole (860)", "url": "http://www.temptalia.com/product/guerlain-rouge-g-de-guerlain-lip-color/madame-batifole-860", "review": "A+", "user_rating": "5", "permanence": "LE", "rgb": [140, 17, 1], "color_name": "red", "image_url": "http://www.temptalia.com/wp-content/uploads/2013/07/guerlain_madamebatifolerougeg005-400x355.jpg", "price": "$51.00", "price_per_ounce": 425.0}, {"full_text": "Limited Edition. $35.00/0.10 oz.", "brand": "Chanel", "name": "Esprit (88)", "url": "http://www.temptalia.com/product/chanel-rouge-coco-shine-hydrating-sheer-lipshine/esprit-88", "review": "A", "user_rating": "5", "permanence": "LE", "rgb": [162, 41, 22], "color_name": "red", "image_url": "http://www.temptalia.com/wp-content/uploads/2013/07/chanel_esprit004-400x355.jpg", "price": "$35.00", "price_per_ounce": 350.0}, {"full_text": "Limited Edition. $35.00/0.10 oz.", "brand": "Chanel", "name": "Instinct (86)", "url": "http://www.temptalia.com/product/chanel-rouge-coco-shine-hydrating-sheer-lipshine/instinct-86", "review": "B-", "user_rating": "0", "permanence": "LE", "rgb": [157, 53, 53], "color_name": "pink", "image_url": "http://www.temptalia.com/wp-content/uploads/2013/07/chanel_instinct004-400x355.jpg", "price": "$35.00", "price_per_ounce": 350.0}, {"full_text": "Permanent. $17.00/0.12 oz.", "brand": "MAC", "name": "Gotta Dash!", "url": "http://www.temptalia.com/product/mac-cosmetics-sheen-supreme-lipstick/gotta-dash", "review": "B+", "user_rating": "3", "permanence": "P", "rgb": [214, 77, 89], "color_name": "pink", "image_url": "http://www.temptalia.com/wp-content/uploads/2013/07/mac_gottadash004-400x355.jpg", "price": "$17.00", "price_per_ounce": 141.66666666666669}, {"full_text": "Limited Edition. $17.00/0.12 oz.", "brand": "MAC", "name": "Playtime", "url": "http://www.temptalia.com/product/mac-cosmetics-sheen-supreme-lipstick/playtime", "review": "B+", "user_rating": "5", "permanence": "LE", "rgb": [212, 109, 55], "color_name": "fuchsia", "image_url": "http://www.temptalia.com/wp-content/uploads/2013/07/mac_playtime004-400x355.jpg", "price": "$17.00", "price_per_ounce": 141.66666666666669}, {"full_text": "Limited Edition. $17.00/0.12 oz.", "brand": "MAC", "name": "Pleasurefruit", "url": "http://www.temptalia.com/product/mac-cosmetics-sheen-supreme-lipstick/pleasurefruit", "review": "A-", "user_rating": "3", "permanence": "LE", "rgb": [211, 63, 22], "color_name": "pink", "image_url": "http://www.temptalia.com/wp-content/uploads/2013/07/mac_pleasurefruit004-400x355.jpg", "price": "$17.00", "price_per_ounce": 141.66666666666669}, {"full_text": "Limited Edition. $17.00/0.12 oz.", "brand": "MAC", "name": "Pret-a-Pretty", "url": "http://www.temptalia.com/product/mac-cosmetics-sheen-supreme-lipstick/pret-a-pretty", "review": "B-", "user_rating": "0", "permanence": "LE", "rgb": [194, 102, 101], "color_name": "nude", "image_url": "http://www.temptalia.com/wp-content/uploads/2013/07/mac_pretapretty004-400x355.jpg", "price": "$17.00", "price_per_ounce": 141.66666666666669}, {"full_text": "Limited Edition. $17.00/0.12 oz.", "brand": "MAC", "name": "Sweet Grenadine", "url": "http://www.temptalia.com/product/mac-cosmetics-sheen-supreme-lipstick/sweet-grenadine", "review": "B+", "user_rating": "5", "permanence": "LE", "rgb": [189, 30, 41], "color_name": "pink", "image_url": "http://www.temptalia.com/wp-content/uploads/2013/07/mac_sweetgrenadine004-400x355.jpg", "price": "$17.00", "price_per_ounce": 141.66666666666669}, {"full_text": "Limited Edition. $17.00/0.12 oz.", "brand": "MAC", "name": "Candy Apple", "url": "http://www.temptalia.com/product/mac-cosmetics-sheen-supreme-lipstick/candy-apple", "review": "A-", "user_rating": "5", "permanence": "LE", "rgb": [178, 42, 24], "color_name": "red", "image_url": "http://www.temptalia.com/wp-content/uploads/2013/07/mac_candyapple004-400x355.jpg", "price": "$17.00", "price_per_ounce": 141.66666666666669}, {"full_text": "Limited Edition. $17.00/0.10 oz.", "brand": "MAC", "name": "Naked Proof", "url": "http://www.temptalia.com/product/mac-cosmetics-lipstick/naked-proof", "review": "-", "user_rating": "0", "permanence": "LE", "rgb": [189, 62, 72], "color_name": "pink", "image_url": "http://www.temptalia.com/wp-content/uploads/2013/07/mac_illustratednude006-400x355.jpg", "price": "$17.00", "price_per_ounce": 170.0}, {"full_text": "Permanent. $30.00/0.12 oz.", "brand": "Marc Jacobs Beauty", "name": "Strange Magic (102)", "url": "http://www.temptalia.com/product/marc-jacobs-beauty-lovemarc-lip-gel/strange-magic-102", "review": "-", "user_rating": "0", "permanence": "P", "rgb": [202, 119, 122], "color_name": "nude", "image_url": "http://www.temptalia.com/wp-content/uploads/2014/12/marcjacobsbeauty_102strangemagic004-400x355.jpg", "price": "$30.00", "price_per_ounce": 250.0}, {"full_text": "Permanent. $30.00/0.12 oz.", "brand": "Marc Jacobs Beauty", "name": "Moody Margot (106)", "url": "http://www.temptalia.com/product/marc-jacobs-beauty-lovemarc-lip-gel/moody-margot-106", "review": "-", "user_rating": "0", "permanence": "P", "rgb": [195, 96, 105], "color_name": "pink", "image_url": "http://www.temptalia.com/wp-content/uploads/2014/12/marcjacobsbeauty_106moodymargot004-400x355.jpg", "price": "$30.00", "price_per_ounce": 250.0}, {"full_text": "Permanent. $30.00/0.12 oz.", "brand": "Marc Jacobs Beauty", "name": "Have We Met? (108)", "url": "http://www.temptalia.com/product/marc-jacobs-beauty-lovemarc-lip-gel/have-we-met-108", "review": "B+", "user_rating": "2", "permanence": "P", "rgb": [196, 73, 60], "color_name": "pink", "image_url": "http://www.temptalia.com/wp-content/uploads/2013/11/marcjacobs_108havewemet004-400x355.jpg", "price": "$30.00", "price_per_ounce": 250.0}, {"full_text": "Permanent. $30.00/0.12 oz.", "brand": "Marc Jacobs Beauty", "name": "Severine (112)", "url": "http://www.temptalia.com/product/marc-jacobs-beauty-lovemarc-lip-gel/severine-112", "review": "-", "user_rating": "5", "permanence": "P", "rgb": [196, 78, 98], "color_name": "orange", "image_url": "http://www.temptalia.com/wp-content/uploads/2014/12/marcjacobsbeauty_112severine004-400x355.jpg", "price": "$30.00", "price_per_ounce": 250.0}, {"full_text": "Permanent. $30.00/0.12 oz.", "brand": "Marc Jacobs Beauty", "name": "Understudy (114)", "url": "http://www.temptalia.com/product/marc-jacobs-beauty-lovemarc-lip-gel/understudy-114", "review": "-", "user_rating": "0", "permanence": "P", "rgb": [210, 64, 70], "color_name": "pink", "image_url": "http://www.temptalia.com/wp-content/uploads/2014/12/marcjacobsbeauty_114understudy004-400x355.jpg", "price": "$30.00", "price_per_ounce": 250.0}, {"full_text": "Permanent. $30.00/0.12 oz.", "brand": "Marc Jacobs Beauty", "name": "Happy Ending (116)", "url": "http://www.temptalia.com/product/marc-jacobs-beauty-lovemarc-lip-gel/happy-ending-116", "review": "-", "user_rating": "0", "permanence": "P", "rgb": [215, 108, 51], "color_name": "fuchsia", "image_url": "http://www.temptalia.com/wp-content/uploads/2014/12/marcjacobsbeauty_116happyending004-400x355.jpg", "price": "$30.00", "price_per_ounce": 250.0}, {"full_text": "Permanent. $30.00/0.12 oz.", "brand": "Marc Jacobs Beauty", "name": "Roll the Dice (118)", "url": "http://www.temptalia.com/product/marc-jacobs-beauty-lovemarc-lip-gel/roll-the-dice-118", "review": "-", "user_rating": "0", "permanence": "P", "rgb": [225, 73, 17], "color_name": "fuchsia", "image_url": "http://www.temptalia.com/wp-content/uploads/2014/12/marcjacobsbeauty_118rollthedice004-400x355.jpg", "price": "$30.00", "price_per_ounce": 250.0}, {"full_text": "Permanent. $30.00/0.12 oz.", "brand": "Marc Jacobs Beauty", "name": "Voila! (120)", "url": "http://www.temptalia.com/product/marc-jacobs-beauty-lovemarc-lip-gel/voila-120", "review": "-", "user_rating": "0", "permanence": "P", "rgb": [216, 66, 16], "color_name": "fuchsia", "image_url": "http://www.temptalia.com/wp-content/uploads/2014/12/marcjacobsbeauty_120voila004-400x355.jpg", "price": "$30.00", "price_per_ounce": 250.0}, {"full_text": "Permanent. $30.00/0.12 oz.", "brand": "Marc Jacobs Beauty", "name": "All the Way (122)", "url": "http://www.temptalia.com/product/marc-jacobs-beauty-lovemarc-lip-gel/all-the-way-122", "review": "-", "user_rating": "0", "permanence": "P", "rgb": [203, 37, 48], "color_name": "pink", "image_url": "http://www.temptalia.com/wp-content/uploads/2014/12/marcjacobsbeauty_122alltheway004-400x355.jpg", "price": "$30.00", "price_per_ounce": 250.0}, {"full_text": "Permanent. $30.00/0.12 oz.", "brand": "Marc Jacobs Beauty", "name": "Surrender Dorothy (124)", "url": "http://www.temptalia.com/product/marc-jacobs-beauty-lovemarc-lip-gel/surrender-dorothy-124", "review": "-", "user_rating": "0", "permanence": "P", "rgb": [196, 20, 18], "color_name": "pink", "image_url": "http://www.temptalia.com/wp-content/uploads/2014/12/marcjacobsbeauty_124surrenderdorothy004-400x355.jpg", "price": "$30.00", "price_per_ounce": 250.0}, {"full_text": "Permanent. $30.00/0.12 oz.", "brand": "Marc Jacobs Beauty", "name": "Neo-Noir (126)", "url": "http://www.temptalia.com/product/marc-jacobs-beauty-lovemarc-lip-gel/neo-noir-126", "review": "A+", "user_rating": "0", "permanence": "P", "rgb": [140, 7, 4], "color_name": "red", "image_url": "http://www.temptalia.com/wp-content/uploads/2013/11/marcjacobs_126neonoir004-400x355.jpg", "price": "$30.00", "price_per_ounce": 250.0}, {"full_text": "Permanent. $30.00/0.12 oz.", "brand": "Marc Jacobs Beauty", "name": "Seduce Me (128)", "url": "http://www.temptalia.com/product/marc-jacobs-beauty-lovemarc-lip-gel/seduce-me-128", "review": "A", "user_rating": "0", "permanence": "P", "rgb": [140, 33, 8], "color_name": "red", "image_url": "http://www.temptalia.com/wp-content/uploads/2013/08/marcjacobs_seduceme005-400x355.jpg", "price": "$30.00", "price_per_ounce": 250.0}, {"full_text": "Permanent. $30.00/0.12 oz.", "brand": "Marc Jacobs Beauty", "name": "Little Pretty (130)", "url": "http://www.temptalia.com/product/marc-jacobs-beauty-lovemarc-lip-gel/little-pretty-130", "review": "-", "user_rating": "0", "permanence": "P", "rgb": [141, 48, 22], "color_name": "red", "image_url": "http://www.temptalia.com/wp-content/uploads/2014/12/marcjacobsbeauty_130littlepretty004-400x355.jpg", "price": "$30.00", "price_per_ounce": 250.0}, {"full_text": "Limited Edition. $36.00/0.12 oz.", "brand": "Givenchy", "name": "Croisiere Fuchsia (309)", "url": "http://www.temptalia.com/product/givenchy-le-rouge/croisiere-fuchsia-309", "review": "-", "user_rating": "5", "permanence": "LE", "rgb": [159, 66, 24], "color_name": "fuchsia", "image_url": "http://www.temptalia.com/wp-content/uploads/2013/07/givenchy_croisierefuchsia004-400x355.jpg", "price": "$36.00", "price_per_ounce": 300.0}, {"full_text": "Limited Edition. $18.00/0.33 oz.", "brand": "Obsessive Compulsive Cosmetics", "name": "Fragmented", "url": "http://www.temptalia.com/product/occ-makeup-metallic-lip-tar/fragmented", "review": "A-", "user_rating": "0", "permanence": "LE", "rgb": [134, 37, 85], "color_name": "orange", "image_url": "http://www.temptalia.com/wp-content/uploads/2013/07/occ_fragmented009-400x355.jpg", "price": "$18.00", "price_per_ounce": 54.54545454545454}, {"full_text": "Permanent. $34.00/0.12 oz.", "brand": "Chanel", "name": "Mystique (57)", "url": "http://www.temptalia.com/product/chanel-rouge-coco-hydrating-creme-lip-colour/mystique-57", "review": "A-", "user_rating": "3", "permanence": "P", "rgb": [174, 41, 51], "color_name": "pink", "image_url": "http://www.temptalia.com/wp-content/uploads/2013/07/chanel_mystique004-400x355.jpg", "price": "$34.00", "price_per_ounce": 283.33333333333337}, {"full_text": "Permanent. $34.00/0.12 oz.", "brand": "Chanel", "name": "Icone (55)", "url": "http://www.temptalia.com/product/chanel-rouge-coco-hydrating-creme-lip-colour/icone-55", "review": "A", "user_rating": "0", "permanence": "P", "rgb": [174, 52, 69], "color_name": "pink", "image_url": "http://www.temptalia.com/wp-content/uploads/2013/07/chanel_icone004-400x355.jpg", "price": "$34.00", "price_per_ounce": 283.33333333333337}, {"full_text": "Limited Edition. $36.00/0.12 oz.", "brand": "Givenchy", "name": "Croisiere Coral (310)", "url": "http://www.temptalia.com/product/givenchy-le-rouge/croisiere-coral-310", "review": "A-", "user_rating": "1", "permanence": "LE", "rgb": [229, 61, 69], "color_name": "pink", "image_url": "http://www.temptalia.com/wp-content/uploads/2013/07/givenchy_croisierecoral004-400x355.jpg", "price": "$36.00", "price_per_ounce": 300.0}, {"full_text": "Limited Edition. $35.00/0.10 oz.", "brand": "Chanel", "name": "Melba (75)", "url": "http://www.temptalia.com/product/chanel-rouge-coco-shine-hydrating-sheer-lipshine/melba-75", "review": "B+", "user_rating": "0", "permanence": "LE", "rgb": [178, 82, 82], "color_name": "nude", "image_url": "http://www.temptalia.com/wp-content/uploads/2013/07/chanel_melba004-400x355.jpg", "price": "$35.00", "price_per_ounce": 350.0}, {"full_text": "Discontinued. $22.00", "brand": "Urban Decay", "name": "Naked", "url": "http://www.temptalia.com/product/urban-decay-lipstick/naked", "review": "-", "user_rating": "4", "permanence": "DC", "rgb": [231, 160, 173], "color_name": "orange", "image_url": "http://www.temptalia.com/wp-content/uploads/2013/07/urbandecay_nakedswatch001-400x355.jpg", "price": "$22.00", "price_per_ounce": "NA"}, {"full_text": "Discontinued. $22.00", "brand": "Urban Decay", "name": "Peroxide", "url": "http://www.temptalia.com/product/urban-decay-lipstick/peroxide", "review": "-", "user_rating": "0", "permanence": "DC", "rgb": [228, 154, 174], "color_name": "orange", "image_url": "http://www.temptalia.com/wp-content/uploads/2013/07/urbandecay_peroxideswatch001-400x355.jpg", "price": "$22.00", "price_per_ounce": "NA"}, {"full_text": "Discontinued. $22.00", "brand": "Urban Decay", "name": "Oil Slick", "url": "http://www.temptalia.com/product/urban-decay-lipstick/oil-slick", "review": "-", "user_rating": "0", "permanence": "DC", "rgb": [204, 139, 161], "color_name": "nude", "image_url": "http://www.temptalia.com/wp-content/uploads/2013/07/urbandecay_oilslickswatch001-400x355.jpg", "price": "$22.00", "price_per_ounce": "NA"}, {"full_text": "Discontinued. $22.00", "brand": "Urban Decay", "name": "Revolution", "url": "http://www.temptalia.com/product/urban-decay-lipstick/revolution", "review": "-", "user_rating": "0", "permanence": "DC", "rgb": [234, 120, 131], "color_name": "pink", "image_url": "http://www.temptalia.com/wp-content/uploads/2013/07/urbandecay_revolutionswatch001-400x355.jpg", "price": "$22.00", "price_per_ounce": "NA"}, {"full_text": "Discontinued. $22.00", "brand": "Urban Decay", "name": "Rush", "url": "http://www.temptalia.com/product/urban-decay-lipstick/rush", "review": "-", "user_rating": "0", "permanence": "DC", "rgb": [231, 149, 163], "color_name": "orange", "image_url": "http://www.temptalia.com/wp-content/uploads/2013/07/urbandecay_rushswatch001-400x355.jpg", "price": "$22.00", "price_per_ounce": "NA"}, {"full_text": "Discontinued. $22.00", "brand": "Urban Decay", "name": "Vinyl", "url": "http://www.temptalia.com/product/urban-decay-lipstick/vinyl", "review": "-", "user_rating": "0", "permanence": "DC", "rgb": [223, 142, 145], "color_name": "pink", "image_url": "http://www.temptalia.com/wp-content/uploads/2013/07/urbandecay_vinylswatch001-400x355.jpg", "price": "$22.00", "price_per_ounce": "NA"}, {"full_text": "Discontinued. $22.00", "brand": "Urban Decay", "name": "Wicked", "url": "http://www.temptalia.com/product/urban-decay-lipstick/wicked", "review": "-", "user_rating": "0", "permanence": "DC", "rgb": [229, 148, 163], "color_name": "orange", "image_url": "http://www.temptalia.com/wp-content/uploads/2013/07/urbandecay_wickedswatch001-400x355.jpg", "price": "$22.00", "price_per_ounce": "NA"}, {"full_text": "Discontinued. $22.00", "brand": "Urban Decay", "name": "5150", "url": "http://www.temptalia.com/product/urban-decay-lipstick/5150-2", "review": "-", "user_rating": "0", "permanence": "DC", "rgb": [249, 141, 165], "color_name": "orange", "image_url": "http://www.temptalia.com/wp-content/uploads/2013/07/urbandecay_5150swatch001-400x355.jpg", "price": "$22.00", "price_per_ounce": "NA"}, {"full_text": "Discontinued. $22.00", "brand": "Urban Decay", "name": "Apocalypse", "url": "http://www.temptalia.com/product/urban-decay-lipstick/apocalypse", "review": "-", "user_rating": "0", "permanence": "DC", "rgb": [237, 151, 173], "color_name": "orange", "image_url": "http://www.temptalia.com/wp-content/uploads/2013/07/urbandecay_apocalypseswatch001-400x355.jpg", "price": "$22.00", "price_per_ounce": "NA"}, {"full_text": "Discontinued. $22.00", "brand": "Urban Decay", "name": "Confession", "url": "http://www.temptalia.com/product/urban-decay-lipstick/confession", "review": "-", "user_rating": "0", "permanence": "DC", "rgb": [218, 147, 151], "color_name": "pink", "image_url": "http://www.temptalia.com/wp-content/uploads/2013/07/urbandecay_confessionswatch001-400x355.jpg", "price": "$22.00", "price_per_ounce": "NA"}, {"full_text": "Discontinued. $22.00", "brand": "Urban Decay", "name": "Gash", "url": "http://www.temptalia.com/product/urban-decay-lipstick/gash", "review": "-", "user_rating": "0", "permanence": "DC", "rgb": [241, 146, 145], "color_name": "pink", "image_url": "http://www.temptalia.com/wp-content/uploads/2013/07/urbandecay_gashswatch001-400x355.jpg", "price": "$22.00", "price_per_ounce": "NA"}, {"full_text": "Discontinued. $22.00", "brand": "Urban Decay", "name": "Gravity", "url": "http://www.temptalia.com/product/urban-decay-lipstick/gravity", "review": "-", "user_rating": "4", "permanence": "DC", "rgb": [224, 135, 144], "color_name": "pink", "image_url": "http://www.temptalia.com/wp-content/uploads/2013/07/urbandecay_gravityswatch001-400x355.jpg", "price": "$22.00", "price_per_ounce": "NA"}, {"full_text": "Discontinued. $22.00", "brand": "Urban Decay", "name": "Indecent", "url": "http://www.temptalia.com/product/urban-decay-lipstick/indecent", "review": "-", "user_rating": "0", "permanence": "DC", "rgb": [235, 140, 165], "color_name": "orange", "image_url": "http://www.temptalia.com/wp-content/uploads/2013/07/urbandecay_indecentswatch001-400x355.jpg", "price": "$22.00", "price_per_ounce": "NA"}, {"full_text": "Discontinued. $22.00", "brand": "Urban Decay", "name": "Jilted", "url": "http://www.temptalia.com/product/urban-decay-lipstick/jilted", "review": "-", "user_rating": "0", "permanence": "DC", "rgb": [235, 152, 150], "color_name": "pink", "image_url": "http://www.temptalia.com/wp-content/uploads/2013/07/urbandecay_jiltedswatch001-400x355.jpg", "price": "$22.00", "price_per_ounce": "NA"}, {"full_text": "Limited Edition. $17.00/0.10 oz.", "brand": "MAC", "name": "Flavour", "url": "http://www.temptalia.com/product/mac-cosmetics-lipstick/flavour", "review": "A", "user_rating": "4", "permanence": "LE", "rgb": [178, 71, 65], "color_name": "pink", "image_url": "http://www.temptalia.com/wp-content/uploads/2013/07/mac_flavour004-400x355.jpg", "price": "$17.00", "price_per_ounce": 170.0}, {"full_text": "Discontinued. $17.00/0.10 oz.", "brand": "MAC", "name": "Glam", "url": "http://www.temptalia.com/product/mac-cosmetics-lipstick/glam", "review": "A", "user_rating": "4", "permanence": "DC", "rgb": [202, 25, 4], "color_name": "pink", "image_url": "http://www.temptalia.com/wp-content/uploads/2014/03/mac_glamlipstick004-400x355.jpg", "price": "$17.00", "price_per_ounce": 170.0}, {"full_text": "Discontinued. $17.00/0.10 oz.", "brand": "MAC", "name": "Hoop", "url": "http://www.temptalia.com/product/mac-cosmetics-lipstick/hoop", "review": "A-", "user_rating": "3", "permanence": "DC", "rgb": [228, 104, 82], "color_name": "pink", "image_url": "http://www.temptalia.com/wp-content/uploads/2014/03/mac_hooplipstick004-400x355.jpg", "price": "$17.00", "price_per_ounce": 170.0}, {"full_text": "Discontinued. $17.00/0.10 oz.", "brand": "MAC", "name": "Pink Poodle", "url": "http://www.temptalia.com/product/mac-cosmetics-lipstick/pink-poodle", "review": "A", "user_rating": "5", "permanence": "DC", "rgb": [218, 94, 25], "color_name": "fuchsia", "image_url": "http://www.temptalia.com/wp-content/uploads/2014/03/mac_pinkpoodlelipstick004-400x355.jpg", "price": "$17.00", "price_per_ounce": 170.0}, {"full_text": "Limited Edition. $17.00/0.10 oz.", "brand": "MAC", "name": "Rozz", "url": "http://www.temptalia.com/product/mac-cosmetics-lipstick/rozz", "review": "A", "user_rating": "0", "permanence": "LE", "rgb": [197, 16, 8], "color_name": "pink", "image_url": "http://www.temptalia.com/wp-content/uploads/2013/07/mac_rozz004-400x355.jpg", "price": "$17.00", "price_per_ounce": 170.0}, {"full_text": "Limited Edition. $17.00/0.10 oz.", "brand": "MAC", "name": "Tomango", "url": "http://www.temptalia.com/product/mac-cosmetics-lipstick/tomango", "review": "A", "user_rating": "5", "permanence": "LE", "rgb": [198, 3, 14], "color_name": "red", "image_url": "http://www.temptalia.com/wp-content/uploads/2013/07/mac_tomango004-400x355.jpg", "price": "$17.00", "price_per_ounce": 170.0}, {"full_text": "Permanent. $22.00/0.09 oz.", "brand": "Urban Decay", "name": "69", "url": "http://www.temptalia.com/product/urban-decay-revolution-lipstick/69-2", "review": "A+", "user_rating": "4", "permanence": "P", "rgb": [171, 17, 7], "color_name": "red", "image_url": "http://www.temptalia.com/wp-content/uploads/2013/07/urbandecay_69lipstick007-400x355.jpg", "price": "$22.00", "price_per_ounce": 244.44444444444446}, {"full_text": "Permanent. $22.00/0.09 oz.", "brand": "Urban Decay", "name": "F-Bomb", "url": "http://www.temptalia.com/product/urban-decay-revolution-lipstick/f-bomb", "review": "A+", "user_rating": "5", "permanence": "P", "rgb": [160, 2, 2], "color_name": "red", "image_url": "http://www.temptalia.com/wp-content/uploads/2013/07/urbandecay_fbomblipstick004-400x355.jpg", "price": "$22.00", "price_per_ounce": 244.44444444444446}, {"full_text": "Permanent. $22.00/0.09 oz.", "brand": "Urban Decay", "name": "Catfight", "url": "http://www.temptalia.com/product/urban-decay-revolution-lipstick/catfight", "review": "A+", "user_rating": "4", "permanence": "P", "rgb": [165, 30, 1], "color_name": "red", "image_url": "http://www.temptalia.com/wp-content/uploads/2013/07/urbandecay_catfightlipstick004-400x355.jpg", "price": "$22.00", "price_per_ounce": 244.44444444444446}, {"full_text": "Permanent. $22.00/0.09 oz.", "brand": "Urban Decay", "name": "Bang", "url": "http://www.temptalia.com/product/urban-decay-revolution-lipstick/bang", "review": "A+", "user_rating": "0", "permanence": "P", "rgb": [211, 4, 20], "color_name": "pink", "image_url": "http://www.temptalia.com/wp-content/uploads/2013/07/urbandecay_banglipstick004-400x355.jpg", "price": "$22.00", "price_per_ounce": 244.44444444444446}, {"full_text": "Permanent. $22.00/0.09 oz.", "brand": "Urban Decay", "name": "Streak", "url": "http://www.temptalia.com/product/urban-decay-revolution-lipstick/streak", "review": "A-", "user_rating": "4", "permanence": "P", "rgb": [210, 71, 59], "color_name": "pink", "image_url": "http://www.temptalia.com/wp-content/uploads/2013/07/urbandecay_streaklipstick004-400x355.jpg", "price": "$22.00", "price_per_ounce": 244.44444444444446}, {"full_text": "Permanent. $22.00/0.09 oz.", "brand": "Urban Decay", "name": "Jilted", "url": "http://www.temptalia.com/product/urban-decay-revolution-lipstick/jilted", "review": "A", "user_rating": "5", "permanence": "P", "rgb": [165, 30, 2], "color_name": "red", "image_url": "http://www.temptalia.com/wp-content/uploads/2013/07/urbandecay_jiltedlipstick004-400x355.jpg", "price": "$22.00", "price_per_ounce": 244.44444444444446}, {"full_text": "Permanent. $22.00/0.09 oz.", "brand": "Urban Decay", "name": "Anarchy", "url": "http://www.temptalia.com/product/urban-decay-revolution-lipstick/anarchy", "review": "A+", "user_rating": "5", "permanence": "P", "rgb": [195, 76, 8], "color_name": "fuchsia", "image_url": "http://www.temptalia.com/wp-content/uploads/2013/07/urbandecay_anarchylipstick004-400x355.jpg", "price": "$22.00", "price_per_ounce": 244.44444444444446}, {"full_text": "Permanent. $22.00/0.09 oz.", "brand": "Urban Decay", "name": "Obsessed", "url": "http://www.temptalia.com/product/urban-decay-revolution-lipstick/obsessed", "review": "A-", "user_rating": "0", "permanence": "P", "rgb": [188, 84, 55], "color_name": "pink", "image_url": "http://www.temptalia.com/wp-content/uploads/2013/07/urbandecay_obsessedlipstick004-400x355.jpg", "price": "$22.00", "price_per_ounce": 244.44444444444446}, {"full_text": "Permanent. $22.00/0.09 oz.", "brand": "Urban Decay", "name": "Turn On", "url": "http://www.temptalia.com/product/urban-decay-revolution-lipstick/turn-on", "review": "A", "user_rating": "5", "permanence": "P", "rgb": [201, 76, 38], "color_name": "pink", "image_url": "http://www.temptalia.com/wp-content/uploads/2013/07/urbandecay_turnonlipstick004-400x355.jpg", "price": "$22.00", "price_per_ounce": 244.44444444444446}, {"full_text": "Permanent. $22.00/0.09 oz.", "brand": "Urban Decay", "name": "Fiend", "url": "http://www.temptalia.com/product/urban-decay-revolution-lipstick/fiend", "review": "A", "user_rating": "5", "permanence": "P", "rgb": [191, 65, 53], "color_name": "pink", "image_url": "http://www.temptalia.com/wp-content/uploads/2013/07/urbandecay_fiendlipstick004-400x355.jpg", "price": "$22.00", "price_per_ounce": 244.44444444444446}, {"full_text": "Permanent. $22.00/0.09 oz.", "brand": "Urban Decay", "name": "Native", "url": "http://www.temptalia.com/product/urban-decay-revolution-lipstick/native", "review": "B+", "user_rating": "5", "permanence": "P", "rgb": [200, 93, 85], "color_name": "pink", "image_url": "http://www.temptalia.com/wp-content/uploads/2013/07/urbandecay_nativelipstick004-400x355.jpg", "price": "$22.00", "price_per_ounce": 244.44444444444446}, {"full_text": "Permanent. $22.00/0.09 oz.", "brand": "Urban Decay", "name": "Naked", "url": "http://www.temptalia.com/product/urban-decay-revolution-lipstick/naked", "review": "A-", "user_rating": "4", "permanence": "P", "rgb": [182, 71, 64], "color_name": "pink", "image_url": "http://www.temptalia.com/wp-content/uploads/2013/07/urbandecay_nakedlipstick004-400x355.jpg", "price": "$22.00", "price_per_ounce": 244.44444444444446}, {"full_text": "Permanent. $22.00/0.09 oz.", "brand": "Urban Decay", "name": "Rush", "url": "http://www.temptalia.com/product/urban-decay-revolution-lipstick/rush", "review": "A", "user_rating": "0", "permanence": "P", "rgb": [172, 61, 49], "color_name": "pink", "image_url": "http://www.temptalia.com/wp-content/uploads/2013/07/urbandecay_rushlipstick004-400x355.jpg", "price": "$22.00", "price_per_ounce": 244.44444444444446}, {"full_text": "Permanent. $22.00/0.09 oz.", "brand": "Urban Decay", "name": "Liar", "url": "http://www.temptalia.com/product/urban-decay-revolution-lipstick/liar", "review": "A", "user_rating": "4", "permanence": "P", "rgb": [179, 54, 52], "color_name": "pink", "image_url": "http://www.temptalia.com/wp-content/uploads/2013/07/urbandecay_liarlipstick004-400x355.jpg", "price": "$22.00", "price_per_ounce": 244.44444444444446}, {"full_text": "Permanent. $22.00/0.09 oz.", "brand": "Urban Decay", "name": "Lovelight", "url": "http://www.temptalia.com/product/urban-decay-revolution-lipstick/lovelight", "review": "B", "user_rating": "4", "permanence": "P", "rgb": [183, 58, 57], "color_name": "pink", "image_url": "http://www.temptalia.com/wp-content/uploads/2013/07/urbandecay_lovelightlipstick004-400x355.jpg", "price": "$22.00", "price_per_ounce": 244.44444444444446}, {"full_text": "Permanent. $22.00/0.09 oz.", "brand": "Urban Decay", "name": "Naked 2", "url": "http://www.temptalia.com/product/urban-decay-revolution-lipstick/naked-2", "review": "A-", "user_rating": "3", "permanence": "P", "rgb": [180, 63, 80], "color_name": "pink", "image_url": "http://www.temptalia.com/wp-content/uploads/2013/07/urbandecay_naked2lipstick004-400x355.jpg", "price": "$22.00", "price_per_ounce": 244.44444444444446}, {"full_text": "Permanent. $22.00/0.09 oz.", "brand": "Urban Decay", "name": "Protest", "url": "http://www.temptalia.com/product/urban-decay-revolution-lipstick/protest", "review": "B+", "user_rating": "4", "permanence": "P", "rgb": [163, 43, 40], "color_name": "red", "image_url": "http://www.temptalia.com/wp-content/uploads/2013/07/urbandecay_protestlipstick004-400x355.jpg", "price": "$22.00", "price_per_ounce": 244.44444444444446}, {"full_text": "Permanent. $22.00/0.09 oz.", "brand": "Urban Decay", "name": "Strip", "url": "http://www.temptalia.com/product/urban-decay-revolution-lipstick/strip", "review": "A-", "user_rating": "5", "permanence": "P", "rgb": [156, 47, 45], "color_name": "red", "image_url": "http://www.temptalia.com/wp-content/uploads/2013/07/urbandecay_striplipstick004-400x355.jpg", "price": "$22.00", "price_per_ounce": 244.44444444444446}, {"full_text": "Permanent. $22.00/0.09 oz.", "brand": "Urban Decay", "name": "Venom", "url": "http://www.temptalia.com/product/urban-decay-revolution-lipstick/venom", "review": "A", "user_rating": "4", "permanence": "P", "rgb": [121, 30, 1], "color_name": "red", "image_url": "http://www.temptalia.com/wp-content/uploads/2013/07/urbandecay_venomlipstick004-400x355.jpg", "price": "$22.00", "price_per_ounce": 244.44444444444446}, {"full_text": "Permanent. $22.00/0.09 oz.", "brand": "Urban Decay", "name": "Shame", "url": "http://www.temptalia.com/product/urban-decay-revolution-lipstick/shame", "review": "C-", "user_rating": "4", "permanence": "P", "rgb": [80, 8, 3], "color_name": "burgundy", "image_url": "http://www.temptalia.com/wp-content/uploads/2013/07/urbandecay_shamelipstick004-400x355.jpg", "price": "$22.00", "price_per_ounce": 244.44444444444446}, {"full_text": "Permanent. $22.00/0.09 oz.", "brand": "Urban Decay", "name": "Rapture", "url": "http://www.temptalia.com/product/urban-decay-revolution-lipstick/rapture", "review": "A", "user_rating": "5", "permanence": "P", "rgb": [134, 37, 21], "color_name": "red", "image_url": "http://www.temptalia.com/wp-content/uploads/2013/07/urbandecay_rapturelipstick004-400x355.jpg", "price": "$22.00", "price_per_ounce": 244.44444444444446}, {"full_text": "Permanent. $22.00/0.09 oz.", "brand": "Urban Decay", "name": "Manic", "url": "http://www.temptalia.com/product/urban-decay-revolution-lipstick/manic", "review": "A", "user_rating": "5", "permanence": "P", "rgb": [134, 19, 8], "color_name": "red", "image_url": "http://www.temptalia.com/wp-content/uploads/2013/07/urbandecay_maniclipstick004-400x355.jpg", "price": "$22.00", "price_per_ounce": 244.44444444444446}, {"full_text": "Permanent. $35.00/0.10 oz.", "brand": "Chanel", "name": "Gourmandise (76)", "url": "http://www.temptalia.com/product/chanel-rouge-coco-shine-hydrating-sheer-lipshine/gourmandise-76", "review": "B+", "user_rating": "0", "permanence": "P", "rgb": [154, 56, 58], "color_name": "pink", "image_url": "http://www.temptalia.com/wp-content/uploads/2013/07/chanel_gourmandise004-400x355.jpg", "price": "$35.00", "price_per_ounce": 350.0}, {"full_text": "Limited Edition. $25.00/0.09 oz.", "brand": "NARS", "name": "Mysterious Red", "url": "http://www.temptalia.com/product/nars-cosmetics-velvet-matte-lip-pencil/mysterious-red", "review": "A", "user_rating": "5", "permanence": "LE", "rgb": [170, 13, 12], "color_name": "red", "image_url": "http://www.temptalia.com/wp-content/uploads/2013/07/nars_mysteriousred004-400x355.jpg", "price": "$25.00", "price_per_ounce": 277.77777777777777}, {"full_text": "Permanent. $25.00/0.09 oz.", "brand": "NARS", "name": "Paimpol", "url": "http://www.temptalia.com/product/nars-cosmetics-velvet-matte-lip-pencil/paimpol", "review": "C+", "user_rating": "0", "permanence": "P", "rgb": [165, 67, 64], "color_name": "nude", "image_url": "http://www.temptalia.com/wp-content/uploads/2013/07/nars_paimpol004-400x355.jpg", "price": "$25.00", "price_per_ounce": 277.77777777777777}, {"full_text": "Permanent. $26.00/0.07 oz.", "brand": "NARS", "name": "Peloponnese", "url": "http://www.temptalia.com/product/nars-cosmetics-pure-matte-lipstick/peloponnese", "review": "A-", "user_rating": "0", "permanence": "P", "rgb": [165, 48, 60], "color_name": "pink", "image_url": "http://www.temptalia.com/wp-content/uploads/2013/07/nars_pelopannese004-400x355.jpg", "price": "$26.00", "price_per_ounce": 371.4285714285714}, {"full_text": "Limited Edition. $26.00/0.07 oz.", "brand": "NARS", "name": "La Paz", "url": "http://www.temptalia.com/product/nars-cosmetics-pure-matte-lipstick/la-paz", "review": "A-", "user_rating": "4", "permanence": "LE", "rgb": [126, 50, 25], "color_name": "red", "image_url": "http://www.temptalia.com/wp-content/uploads/2013/07/nars_lapaz004-400x355.jpg", "price": "$26.00", "price_per_ounce": 371.4285714285714}, {"full_text": "Permanent. $7.99/0.13 oz.", "brand": "Revlon", "name": "Berry Couture", "url": "http://www.temptalia.com/product/revlon-super-lustrous-lipstick/berry-couture", "review": "A-", "user_rating": "4", "permanence": "P", "rgb": [166, 52, 26], "color_name": "red", "image_url": "http://www.temptalia.com/wp-content/uploads/2013/07/revlon_berrycouture004-400x355.jpg", "price": "$7.99", "price_per_ounce": 61.46153846153846}, {"full_text": "Permanent. $7.99/0.13 oz.", "brand": "Revlon", "name": "Fuchsia Shock", "url": "http://www.temptalia.com/product/revlon-super-lustrous-lipstick/fuchsia-shock", "review": "B+", "user_rating": "4", "permanence": "P", "rgb": [185, 56, 18], "color_name": "red", "image_url": "http://www.temptalia.com/wp-content/uploads/2013/07/revlon_fuchsiashock004-400x355.jpg", "price": "$7.99", "price_per_ounce": 61.46153846153846}, {"full_text": "Permanent. $7.99/0.13 oz.", "brand": "Revlon", "name": "Lover's Coral", "url": "http://www.temptalia.com/product/revlon-super-lustrous-lipstick/lovers-coral", "review": "B-", "user_rating": "4", "permanence": "P", "rgb": [174, 44, 40], "color_name": "pink", "image_url": "http://www.temptalia.com/wp-content/uploads/2013/07/revlon_loverscoral004-400x355.jpg", "price": "$7.99", "price_per_ounce": 61.46153846153846}, {"full_text": "Limited Edition. $22.00/0.14 oz.", "brand": "MAC", "name": "Midnight Mambo", "url": "http://www.temptalia.com/product/mac-cosmetics-mineralize-rich-lipstick/midnight-mambo", "review": "A", "user_rating": "4", "permanence": "LE", "rgb": [155, 59, 13], "color_name": "fuchsia", "image_url": "http://www.temptalia.com/wp-content/uploads/2013/06/mac_midnightmambo004-400x355.jpg", "price": "$22.00", "price_per_ounce": 157.14285714285714}, {"full_text": "Permanent. $35.00/0.10 oz.", "brand": "Chanel", "name": "Saga", "url": "http://www.temptalia.com/product/chanel-rouge-coco-shine-hydrating-sheer-lipshine/saga", "review": "A", "user_rating": "4", "permanence": "P", "rgb": [189, 64, 59], "color_name": "pink", "image_url": "http://www.temptalia.com/wp-content/uploads/2013/06/chanel_saga004-400x355.jpg", "price": "$35.00", "price_per_ounce": 350.0}, {"full_text": "Permanent. $35.00/0.10 oz.", "brand": "Chanel", "name": "Scenario", "url": "http://www.temptalia.com/product/chanel-rouge-coco-shine-hydrating-sheer-lipshine/scenario", "review": "A-", "user_rating": "4", "permanence": "P", "rgb": [156, 39, 40], "color_name": "red", "image_url": "http://www.temptalia.com/wp-content/uploads/2013/06/chanel_scenario004-400x355.jpg", "price": "$35.00", "price_per_ounce": 350.0}, {"full_text": "Permanent. $35.00/0.10 oz.", "brand": "Chanel", "name": "Ingenue", "url": "http://www.temptalia.com/product/chanel-rouge-coco-shine-hydrating-sheer-lipshine/ingenue", "review": "B+", "user_rating": "3", "permanence": "P", "rgb": [194, 71, 87], "color_name": "pink", "image_url": "http://www.temptalia.com/wp-content/uploads/2013/06/chanel_ingenue004-400x355.jpg", "price": "$35.00", "price_per_ounce": 350.0}, {"full_text": "Permanent. $35.00/0.10 oz.", "brand": "Chanel", "name": "Interlude", "url": "http://www.temptalia.com/product/chanel-rouge-coco-shine-hydrating-sheer-lipshine/interlude", "review": "A-", "user_rating": "4", "permanence": "P", "rgb": [184, 57, 64], "color_name": "pink", "image_url": "http://www.temptalia.com/wp-content/uploads/2013/06/chanel_interlude004-400x355.jpg", "price": "$35.00", "price_per_ounce": 350.0}, {"full_text": "Limited Edition. $17.00/0.10 oz.", "brand": "MAC", "name": "Heaux", "url": "http://www.temptalia.com/product/mac-cosmetics-lipstick/heaux", "review": "A-", "user_rating": "4", "permanence": "LE", "rgb": [136, 17, 1], "color_name": "red", "image_url": "http://www.temptalia.com/wp-content/uploads/2013/06/mac_heaux004-400x355.jpg", "price": "$17.00", "price_per_ounce": 170.0}, {"full_text": "Limited Edition. $17.00/0.10 oz.", "brand": "MAC", "name": "RiRi Boy", "url": "http://www.temptalia.com/product/mac-cosmetics-lipstick/riri-boy", "review": "A-", "user_rating": "4", "permanence": "LE", "rgb": [139, 79, 30], "color_name": "fuchsia", "image_url": "http://www.temptalia.com/wp-content/uploads/2013/06/mac_ririboy004-400x355.jpg", "price": "$17.00", "price_per_ounce": 170.0}, {"full_text": "Permanent. $34.00/0.12 oz.", "brand": "Chanel", "name": "Sentiment", "url": "http://www.temptalia.com/product/chanel-rouge-coco-hydrating-creme-lip-colour/sentiment", "review": "B+", "user_rating": "0", "permanence": "P", "rgb": [192, 68, 79], "color_name": "pink", "image_url": "http://www.temptalia.com/wp-content/uploads/2013/06/chanel_sentiment004-400x355.jpg", "price": "$34.00", "price_per_ounce": 283.33333333333337}, {"full_text": "Permanent. $34.00/0.12 oz.", "brand": "Chanel", "name": "Grace", "url": "http://www.temptalia.com/product/chanel-rouge-coco-hydrating-creme-lip-colour/grace", "review": "A-", "user_rating": "0", "permanence": "P", "rgb": [155, 34, 35], "color_name": "red", "image_url": "http://www.temptalia.com/wp-content/uploads/2013/06/chanel_grace004-400x355.jpg", "price": "$34.00", "price_per_ounce": 283.33333333333337}, {"full_text": "Permanent. $18.00/0.33 oz.", "brand": "Obsessive Compulsive Cosmetics", "name": "Lovecraft", "url": "http://www.temptalia.com/product/occ-makeup-metallic-lip-tar/lovecraft", "review": "-", "user_rating": "4", "permanence": "P", "rgb": [206, 146, 76], "color_name": "purple", "image_url": "http://www.temptalia.com/wp-content/uploads/2013/06/occ_lovecraft004-400x355.jpg", "price": "$18.00", "price_per_ounce": 54.54545454545454}, {"full_text": "Permanent. $36.00/0.12 oz.", "brand": "Givenchy", "name": "Fuchsia Irresistible (205)", "url": "http://www.temptalia.com/product/givenchy-le-rouge/fuchsia-irresistible-205", "review": "-", "user_rating": "5", "permanence": "P", "rgb": [185, 46, 0], "color_name": "red", "image_url": "http://www.temptalia.com/wp-content/uploads/2013/06/givenchy_fuchsiairresistible004-400x355.jpg", "price": "$36.00", "price_per_ounce": 300.0}, {"full_text": "Permanent. $35.00/0.10 oz.", "brand": "Chanel", "name": "Suspense", "url": "http://www.temptalia.com/product/chanel-rouge-coco-shine-hydrating-sheer-lipshine/suspense", "review": "A", "user_rating": "5", "permanence": "P", "rgb": [183, 40, 21], "color_name": "red", "image_url": "http://www.temptalia.com/wp-content/uploads/2013/06/chanel_suspense004-400x355.jpg", "price": "$35.00", "price_per_ounce": 350.0}, {"full_text": "Permanent. $35.00/0.10 oz.", "brand": "Chanel", "name": "Synopsis", "url": "http://www.temptalia.com/product/chanel-rouge-coco-shine-hydrating-sheer-lipshine/synopsis", "review": "A-", "user_rating": "4", "permanence": "P", "rgb": [150, 33, 39], "color_name": "red", "image_url": "http://www.temptalia.com/wp-content/uploads/2013/06/chanel_synopsis004-400x355.jpg", "price": "$35.00", "price_per_ounce": 350.0}, {"full_text": "Permanent. $35.00/0.10 oz.", "brand": "Chanel", "name": "Dialogue", "url": "http://www.temptalia.com/product/chanel-rouge-coco-shine-hydrating-sheer-lipshine/dialogue", "review": "A", "user_rating": "4", "permanence": "P", "rgb": [162, 23, 14], "color_name": "red", "image_url": "http://www.temptalia.com/wp-content/uploads/2013/06/chanel_dialogue004-400x355.jpg", "price": "$35.00", "price_per_ounce": 350.0}, {"full_text": "Permanent. $35.00/0.10 oz.", "brand": "Chanel", "name": "Fiction", "url": "http://www.temptalia.com/product/chanel-rouge-coco-shine-hydrating-sheer-lipshine/fiction", "review": "A", "user_rating": "5", "permanence": "P", "rgb": [168, 38, 21], "color_name": "red", "image_url": "http://www.temptalia.com/wp-content/uploads/2013/06/chanel_fiction004-400x355.jpg", "price": "$35.00", "price_per_ounce": 350.0}, {"full_text": "Permanent. $6.98/0.10 oz.", "brand": "Flower Beauty", "name": "Petal Kiss", "url": "http://www.temptalia.com/product/flower-beauty-kiss-stick-velvet-lip-color/petal-kiss", "review": "-", "user_rating": "0", "permanence": "P", "rgb": [179, 72, 68], "color_name": "nude", "image_url": "http://www.temptalia.com/wp-content/uploads/2013/06/flowerbeauty_petalkiss004-400x355.jpg", "price": "$6.98", "price_per_ounce": 69.8}, {"full_text": "Permanent. $7.49/0.09 oz.", "brand": "Revlon", "name": "Wild Watermelon", "url": "http://www.temptalia.com/product/revlon-colorburst-lip-butter/wild-watermelon", "review": "-", "user_rating": "4", "permanence": "P", "rgb": [175, 42, 33], "color_name": "pink", "image_url": "http://www.temptalia.com/wp-content/uploads/2013/06/revlon_wildwatermelon004-400x355.jpg", "price": "$7.49", "price_per_ounce": 83.22222222222223}, {"full_text": "Permanent. $7.49/0.09 oz.", "brand": "Revlon", "name": "Sorbet", "url": "http://www.temptalia.com/product/revlon-colorburst-lip-butter/sorbet", "review": "-", "user_rating": "4", "permanence": "P", "rgb": [177, 51, 25], "color_name": "red", "image_url": "http://www.temptalia.com/wp-content/uploads/2013/06/revlon_sorbet004-400x355.jpg", "price": "$7.49", "price_per_ounce": 83.22222222222223}, {"full_text": "Permanent. $7.49/0.09 oz.", "brand": "Revlon", "name": "Pink Lemonade", "url": "http://www.temptalia.com/product/revlon-colorburst-lip-butter/pink-lemonade", "review": "-", "user_rating": "3", "permanence": "P", "rgb": [184, 85, 86], "color_name": "nude", "image_url": "http://www.temptalia.com/wp-content/uploads/2013/06/revlon_pinklemonade004-400x355.jpg", "price": "$7.49", "price_per_ounce": 83.22222222222223}, {"full_text": "Permanent. $34.00/0.12 oz.", "brand": "Chanel", "name": "Liaison", "url": "http://www.temptalia.com/product/chanel-rouge-coco-hydrating-creme-lip-colour/liaison", "review": "B+", "user_rating": "5", "permanence": "P", "rgb": [190, 69, 59], "color_name": "pink", "image_url": "http://www.temptalia.com/wp-content/uploads/2013/06/chanel_liason004-400x355.jpg", "price": "$34.00", "price_per_ounce": 283.33333333333337}, {"full_text": "Permanent. $34.00/0.12 oz.", "brand": "Chanel", "name": "Ce Soir", "url": "http://www.temptalia.com/product/chanel-rouge-coco-hydrating-creme-lip-colour/ce-soir", "review": "A", "user_rating": "3", "permanence": "P", "rgb": [168, 51, 41], "color_name": "pink", "image_url": "http://www.temptalia.com/wp-content/uploads/2013/06/chanel_cesoir004-400x355.jpg", "price": "$34.00", "price_per_ounce": 283.33333333333337}, {"full_text": "Permanent. $34.00/0.12 oz.", "brand": "Chanel", "name": "Le Baiser", "url": "http://www.temptalia.com/product/chanel-rouge-coco-hydrating-creme-lip-colour/le-baiser", "review": "A-", "user_rating": "4", "permanence": "P", "rgb": [183, 50, 32], "color_name": "pink", "image_url": "http://www.temptalia.com/wp-content/uploads/2013/06/chanel_lebaiser004-400x355.jpg", "price": "$34.00", "price_per_ounce": 283.33333333333337}, {"full_text": "Permanent. $32.00/0.13 oz.", "brand": "Edward Bess", "name": "Midnight Bloom", "url": "http://www.temptalia.com/product/edward-bess-ultra-slick-lipstick/midnight-bloom", "review": "A", "user_rating": "0", "permanence": "P", "rgb": [101, 14, 10], "color_name": "red", "image_url": "http://www.temptalia.com/wp-content/uploads/2012/06/edwardbess_midnightbloom003-400x355.jpg", "price": "$32.00", "price_per_ounce": 246.15384615384613}, {"full_text": "Permanent. $32.00/0.13 oz.", "brand": "Edward Bess", "name": "Eternal Passion", "url": "http://www.temptalia.com/product/edward-bess-ultra-slick-lipstick/eternal-passion", "review": "-", "user_rating": "0", "permanence": "P", "rgb": [157, 13, 8], "color_name": "red", "image_url": "http://www.temptalia.com/wp-content/uploads/2013/06/edwardbess_eternalpassion005-400x355.jpg", "price": "$32.00", "price_per_ounce": 246.15384615384613}, {"full_text": "Permanent. $32.00/0.13 oz.", "brand": "Edward Bess", "name": "Forbidden Flower", "url": "http://www.temptalia.com/product/edward-bess-ultra-slick-lipstick/forbidden-flower", "review": "-", "user_rating": "4", "permanence": "P", "rgb": [211, 78, 97], "color_name": "pink", "image_url": "http://www.temptalia.com/wp-content/uploads/2013/06/edwardbess_forbiddenflower004-400x355.jpg", "price": "$32.00", "price_per_ounce": 246.15384615384613}, {"full_text": "Permanent. $36.00/0.12 oz.", "brand": "Givenchy", "name": "Rose Dressing (202)", "url": "http://www.temptalia.com/product/givenchy-le-rouge/rose-dressing-202", "review": "-", "user_rating": "5", "permanence": "P", "rgb": [183, 43, 30], "color_name": "pink", "image_url": "http://www.temptalia.com/wp-content/uploads/2013/06/givenchy_rosedressing007-400x355.jpg", "price": "$36.00", "price_per_ounce": 300.0}, {"full_text": "Permanent. $34.00/0.12 oz.", "brand": "Chanel", "name": "Amant", "url": "http://www.temptalia.com/product/chanel-rouge-coco-hydrating-creme-lip-colour/amant", "review": "A", "user_rating": "0", "permanence": "P", "rgb": [174, 25, 20], "color_name": "red", "image_url": "http://www.temptalia.com/wp-content/uploads/2013/06/chanel_amant004-400x355.jpg", "price": "$34.00", "price_per_ounce": 283.33333333333337}, {"full_text": "Limited Edition. $17.00/0.10 oz.", "brand": "MAC", "name": "Tart & Trendy", "url": "http://www.temptalia.com/product/mac-cosmetics-lipstick/tart-trendy", "review": "B", "user_rating": "4", "permanence": "LE", "rgb": [173, 22, 39], "color_name": "red", "image_url": "http://www.temptalia.com/wp-content/uploads/2013/05/mac_tarttrendy004-400x355.jpg", "price": "$17.00", "price_per_ounce": 170.0}, {"full_text": "Permanent. $17.00/0.10 oz.", "brand": "MAC", "name": "Sushi Kiss", "url": "http://www.temptalia.com/product/mac-cosmetics-lipstick/sushi-kiss", "review": "A-", "user_rating": "4", "permanence": "P", "rgb": [214, 61, 85], "color_name": "pink", "image_url": "http://www.temptalia.com/wp-content/uploads/2013/05/mac_sushikiss004-400x355.jpg", "price": "$17.00", "price_per_ounce": 170.0}, {"full_text": "Permanent. $17.00/0.10 oz.", "brand": "MAC", "name": "Sweet & Sour", "url": "http://www.temptalia.com/product/mac-cosmetics-lipstick/sweet-sour", "review": "A-", "user_rating": "4", "permanence": "P", "rgb": [209, 88, 104], "color_name": "pink", "image_url": "http://www.temptalia.com/wp-content/uploads/2013/05/mac_sweetsour004-400x355.jpg", "price": "$17.00", "price_per_ounce": 170.0}, {"full_text": "Permanent. $17.00/0.10 oz.", "brand": "MAC", "name": "Tangerine Dream", "url": "http://www.temptalia.com/product/mac-cosmetics-lipstick/tangerine-dream", "review": "B+", "user_rating": "3", "permanence": "P", "rgb": [199, 19, 71], "color_name": "orange", "image_url": "http://www.temptalia.com/wp-content/uploads/2013/05/mac_tangerinedream004-400x355.jpg", "price": "$17.00", "price_per_ounce": 170.0}, {"full_text": "Limited Edition. $7.49/0.15 oz.", "brand": "Maybelline", "name": "Orange Edge", "url": "http://www.temptalia.com/product/maybelline-colorsensational-vivids-lip-color/orange-edge", "review": "A+", "user_rating": "4", "permanence": "LE", "rgb": [197, 11, 25], "color_name": "pink", "image_url": "http://www.temptalia.com/wp-content/uploads/2013/05/maybelline_orangeedge004-400x355.jpg", "price": "$7.49", "price_per_ounce": 49.93333333333334}, {"full_text": "Limited Edition. $7.49/0.15 oz.", "brand": "Maybelline", "name": "Infra-red", "url": "http://www.temptalia.com/product/maybelline-colorsensational-vivids-lip-color/infra-red", "review": "A+", "user_rating": "4", "permanence": "LE", "rgb": [161, 2, 4], "color_name": "red", "image_url": "http://www.temptalia.com/wp-content/uploads/2013/05/maybelline_infrared004-400x355.jpg", "price": "$7.49", "price_per_ounce": 49.93333333333334}, {"full_text": "Permanent. $24.00/0.14 oz.", "brand": "Illamasqua", "name": "Posture", "url": "http://www.temptalia.com/product/illamasqua-lipstick/posture", "review": "B", "user_rating": "0", "permanence": "P", "rgb": [160, 107, 88], "color_name": "fuchsia", "image_url": "http://www.temptalia.com/wp-content/uploads/2013/05/illamasqua_posture004-400x355.jpg", "price": "$24.00", "price_per_ounce": 171.42857142857142}, {"full_text": "Permanent. $24.00/0.14 oz.", "brand": "Illamasqua", "name": "ESP", "url": "http://www.temptalia.com/product/illamasqua-lipstick/esp", "review": "D+", "user_rating": "2", "permanence": "P", "rgb": [73, 81, 19], "color_name": "purple", "image_url": "http://www.temptalia.com/wp-content/uploads/2013/05/illamasqua_esp004-400x355.jpg", "price": "$24.00", "price_per_ounce": 171.42857142857142}, {"full_text": "Permanent. $48.00/0.12 oz.", "brand": "Tom Ford Beauty", "name": "Quiver", "url": "http://www.temptalia.com/product/tom-ford-beauty-lip-color-shine/quiver", "review": "-", "user_rating": "5", "permanence": "P", "rgb": [145, 49, 41], "color_name": "red", "image_url": "http://www.temptalia.com/wp-content/uploads/2013/05/tomford_quiver004-400x355.jpg", "price": "$48.00", "price_per_ounce": 400.0}, {"full_text": "Permanent. $48.00/0.12 oz.", "brand": "Tom Ford Beauty", "name": "Willful", "url": "http://www.temptalia.com/product/tom-ford-beauty-lip-color-shine/willful", "review": "-", "user_rating": "0", "permanence": "P", "rgb": [151, 23, 21], "color_name": "red", "image_url": "http://www.temptalia.com/wp-content/uploads/2013/06/tomford_willful004-400x355.jpg", "price": "$48.00", "price_per_ounce": 400.0}, {"full_text": "Permanent. $48.00/0.12 oz.", "brand": "Tom Ford Beauty", "name": "Abandon", "url": "http://www.temptalia.com/product/tom-ford-beauty-lip-color-shine/abandon", "review": "-", "user_rating": "0", "permanence": "P", "rgb": [156, 38, 55], "color_name": "red", "image_url": "http://www.temptalia.com/wp-content/uploads/2013/03/tomford_abandon004-400x355.jpg", "price": "$48.00", "price_per_ounce": 400.0}, {"full_text": "Permanent. $48.00/0.12 oz.", "brand": "Tom Ford Beauty", "name": "Frolic", "url": "http://www.temptalia.com/product/tom-ford-beauty-lip-color-shine/frolic", "review": "-", "user_rating": "0", "permanence": "P", "rgb": [156, 44, 51], "color_name": "red", "image_url": "http://www.temptalia.com/wp-content/uploads/2013/03/tomford_frolic004-400x355.jpg", "price": "$48.00", "price_per_ounce": 400.0}, {"full_text": "Permanent. $50.00/0.10 oz.", "brand": "Tom Ford Beauty", "name": "Violet Fatale", "url": "http://www.temptalia.com/product/tom-ford-beauty-lip-color/violet-fatale", "review": "-", "user_rating": "0", "permanence": "P", "rgb": [113, 30, 10], "color_name": "red", "image_url": "http://www.temptalia.com/wp-content/uploads/2012/06/tomford_violetfatale003-400x355.jpg", "price": "$50.00", "price_per_ounce": 500.0}, {"full_text": "Limited Edition. $50.00/0.10 oz.", "brand": "Tom Ford Beauty", "name": "Aphrodisiac", "url": "http://www.temptalia.com/product/tom-ford-beauty-lip-color/aphrodisiac", "review": "-", "user_rating": "0", "permanence": "LE", "rgb": [153, 36, 7], "color_name": "red", "image_url": "http://www.temptalia.com/wp-content/uploads/2012/09/tomford_aphrodisiac004-400x355.jpg", "price": "$50.00", "price_per_ounce": 500.0}, {"full_text": "Permanent. $50.00/0.10 oz.", "brand": "Tom Ford Beauty", "name": "Blush Nude", "url": "http://www.temptalia.com/product/tom-ford-beauty-lip-color/blush-nude", "review": "-", "user_rating": "5", "permanence": "P", "rgb": [132, 55, 55], "color_name": "nude", "image_url": "http://www.temptalia.com/wp-content/uploads/2012/05/tomford_blushnude005-400x355.jpg", "price": "$50.00", "price_per_ounce": 500.0}, {"full_text": "Permanent. $50.00/0.10 oz.", "brand": "Tom Ford Beauty", "name": "Casablanca", "url": "http://www.temptalia.com/product/tom-ford-beauty-lip-color/casablanca", "review": "-", "user_rating": "0", "permanence": "P", "rgb": [124, 36, 25], "color_name": "red", "image_url": "http://www.temptalia.com/wp-content/uploads/2012/05/tomford_casablanca003-400x355.jpg", "price": "$50.00", "price_per_ounce": 500.0}, {"full_text": "Permanent. $50.00/0.10 oz.", "brand": "Tom Ford Beauty", "name": "Indian Rose", "url": "http://www.temptalia.com/product/tom-ford-beauty-lip-color/indian-rose", "review": "-", "user_rating": "4", "permanence": "P", "rgb": [123, 31, 24], "color_name": "red", "image_url": "http://www.temptalia.com/wp-content/uploads/2012/08/tomford_indianrose003-400x355.jpg", "price": "$50.00", "price_per_ounce": 500.0}, {"full_text": "Limited Edition. $7.49/0.15 oz.", "brand": "Maybelline", "name": "Electric Fuchsia", "url": "http://www.temptalia.com/product/maybelline-colorsensational-vivids-lip-color/electric-fuchsia", "review": "A", "user_rating": "5", "permanence": "LE", "rgb": [191, 91, 12], "color_name": "fuchsia", "image_url": "http://www.temptalia.com/wp-content/uploads/2013/05/maybelline_electricfuchsia004-400x355.jpg", "price": "$7.49", "price_per_ounce": 49.93333333333334}, {"full_text": "Limited Edition. $35.00/0.10 oz.", "brand": "Chanel", "name": "Pygmalion", "url": "http://www.temptalia.com/product/chanel-rouge-coco-shine-hydrating-sheer-lipshine/pygmalion", "review": "-", "user_rating": "4", "permanence": "LE", "rgb": [188, 46, 38], "color_name": "pink", "image_url": "http://www.temptalia.com/wp-content/uploads/2013/05/chanel_467pygmalion004-400x355.jpg", "price": "$35.00", "price_per_ounce": 350.0}, {"full_text": "Limited Edition. ", "brand": "theBalm", "name": "Strawberry", "url": "http://www.temptalia.com/product/thebalm-lipcheek-color/strawberry", "review": "-", "user_rating": "0", "permanence": "LE", "rgb": [140, 38, 32], "color_name": "red", "image_url": "http://www.temptalia.com/wp-content/uploads/2011/11/thebalm_balmbinivoltwo018-400x355.jpg", "price": "$0.00", "price_per_ounce": "NA"}, {"full_text": "Permanent. ", "brand": "theBalm", "name": "Milly", "url": "http://www.temptalia.com/product/thebalm-lipcheek-color/milly", "review": "-", "user_rating": "0", "permanence": "P", "rgb": [134, 52, 50], "color_name": "red", "image_url": "http://www.temptalia.com/wp-content/uploads/2012/09/thebalm_balmjovi028-400x355.jpg", "price": "$0.00", "price_per_ounce": "NA"}, {"full_text": "Permanent. ", "brand": "theBalm", "name": "Vanilly", "url": "http://www.temptalia.com/product/thebalm-lipcheek-color/vanilly", "review": "-", "user_rating": "0", "permanence": "P", "rgb": [133, 13, 10], "color_name": "red", "image_url": "http://www.temptalia.com/wp-content/uploads/2012/09/thebalm_balmjovi032-400x355.jpg", "price": "$0.00", "price_per_ounce": "NA"}, {"full_text": "Limited Edition. $30.00/0.11 oz.", "brand": "shu uemura", "name": "OB Dream Orange", "url": "http://www.temptalia.com/product/shu-uemura-rouge-unlimited-supreme-shine/ob-dream-orange", "review": "B+", "user_rating": "4", "permanence": "LE", "rgb": [185, 52, 69], "color_name": "pink", "image_url": "http://www.temptalia.com/wp-content/uploads/2013/05/shuuemura_dreamorange005-400x355.jpg", "price": "$30.00", "price_per_ounce": 272.72727272727275}, {"full_text": "Limited Edition. $17.00/0.10 oz.", "brand": "MAC", "name": "RiRi Woo", "url": "http://www.temptalia.com/product/mac-cosmetics-lipstick/riri-woo", "review": "A-", "user_rating": "4", "permanence": "LE", "rgb": [146, 3, 2], "color_name": "red", "image_url": "http://www.temptalia.com/wp-content/uploads/2013/05/mac_ririwoo005-400x355.jpg", "price": "$17.00", "price_per_ounce": 170.0}, {"full_text": "Permanent. $24.00/0.13 oz.", "brand": "Bobbi Brown", "name": "Nude Rose", "url": "http://www.temptalia.com/product/bobbi-brown-rich-lip-color/nude-rose", "review": "-", "user_rating": "0", "permanence": "P", "rgb": [129, 37, 33], "color_name": "red", "image_url": "http://www.temptalia.com/wp-content/uploads/2012/02/bobbibrown_nuderose003-400x355.jpg", "price": "$24.00", "price_per_ounce": 184.6153846153846}, {"full_text": "Permanent. $24.00/0.13 oz.", "brand": "Bobbi Brown", "name": "Soft Nude", "url": "http://www.temptalia.com/product/bobbi-brown-rich-lip-color/soft-nude", "review": "-", "user_rating": "0", "permanence": "P", "rgb": [132, 49, 45], "color_name": "red", "image_url": "http://www.temptalia.com/wp-content/uploads/2011/07/bobbibrown_softnude004-400x355.jpg", "price": "$24.00", "price_per_ounce": 184.6153846153846}, {"full_text": "Permanent. $32.00/0.22 oz.", "brand": "Giorgio Armani", "name": "Blush (500)", "url": "http://www.temptalia.com/product/giorgio-armani-lip-maestro/blush-500", "review": "A+", "user_rating": "4", "permanence": "P", "rgb": [174, 56, 54], "color_name": "pink", "image_url": "http://www.temptalia.com/wp-content/uploads/2013/01/giorgioarmani_500lipmaestro004-400x355.jpg", "price": "$32.00", "price_per_ounce": 145.45454545454547}, {"full_text": "Permanent. $32.00/0.22 oz.", "brand": "Giorgio Armani", "name": "Red Fuchsia (503)", "url": "http://www.temptalia.com/product/giorgio-armani-lip-maestro/red-fuchsia-503", "review": "A+", "user_rating": "4", "permanence": "P", "rgb": [133, 12, 5], "color_name": "red", "image_url": "http://www.temptalia.com/wp-content/uploads/2012/11/giorgioarmani_503lipmaestro004-400x355.jpg", "price": "$32.00", "price_per_ounce": 145.45454545454547}, {"full_text": "Permanent. $32.00/0.22 oz.", "brand": "Giorgio Armani", "name": "The Red (400)", "url": "http://www.temptalia.com/product/giorgio-armani-lip-maestro/the-red-400", "review": "A+", "user_rating": "4", "permanence": "P", "rgb": [135, 6, 4], "color_name": "red", "image_url": "http://www.temptalia.com/wp-content/uploads/2012/12/giorgioarmani_400maestro004-400x355.jpg", "price": "$32.00", "price_per_ounce": 145.45454545454547}, {"full_text": "Permanent. $37.00/0.12 oz.", "brand": "Guerlain", "name": "Liu", "url": "http://www.temptalia.com/product/guerlain-rouge-automatique-lip-color/liu", "review": "-", "user_rating": "5", "permanence": "P", "rgb": [78, 3, 0], "color_name": "burgundy", "image_url": "http://www.temptalia.com/wp-content/uploads/2011/10/guerlain_122rougeautomatique003-400x355.jpg", "price": "$37.00", "price_per_ounce": 308.33333333333337}, {"full_text": "Permanent. $51.00/0.12 oz.", "brand": "Guerlain", "name": "Girly", "url": "http://www.temptalia.com/product/guerlain-rouge-g-de-guerlain-lip-color/girly", "review": "A+", "user_rating": "5", "permanence": "P", "rgb": [125, 18, 8], "color_name": "red", "image_url": "http://www.temptalia.com/wp-content/uploads/2011/08/guerlain_girly003-400x355.jpg", "price": "$51.00", "price_per_ounce": 425.0}, {"full_text": "Limited Edition. $17.00/0.10 oz.", "brand": "MAC", "name": "Altered Beige", "url": "http://www.temptalia.com/product/mac-cosmetics-lipstick/altered-beige", "review": "C+", "user_rating": "3", "permanence": "LE", "rgb": [188, 87, 101], "color_name": "nude", "image_url": "http://www.temptalia.com/wp-content/uploads/2013/04/mac_alteredbeige004-400x355.jpg", "price": "$17.00", "price_per_ounce": 170.0}, {"full_text": "Limited Edition. $17.00/0.10 oz.", "brand": "MAC", "name": "Beauty", "url": "http://www.temptalia.com/product/mac-cosmetics-lipstick/beauty", "review": "-", "user_rating": "0", "permanence": "LE", "rgb": [157, 84, 77], "color_name": "nude", "image_url": "http://www.temptalia.com/wp-content/uploads/2012/10/mac_beauty004-400x355.jpg", "price": "$17.00", "price_per_ounce": 170.0}, {"full_text": "Permanent. $17.00/0.10 oz.", "brand": "MAC", "name": "Mocha", "url": "http://www.temptalia.com/product/mac-cosmetics-lipstick/mocha", "review": "-", "user_rating": "4", "permanence": "P", "rgb": [95, 17, 11], "color_name": "red", "image_url": "http://www.temptalia.com/wp-content/uploads/2011/05/mac_surfbabylipsticks009-400x355.jpg", "price": "$17.00", "price_per_ounce": 170.0}, {"full_text": "Limited Edition. $17.00/0.10 oz.", "brand": "MAC", "name": "Raspberry Swirl", "url": "http://www.temptalia.com/product/mac-cosmetics-lipstick/raspberry-swirl", "review": "A-", "user_rating": "5", "permanence": "LE", "rgb": [185, 115, 81], "color_name": "fuchsia", "image_url": "http://www.temptalia.com/wp-content/uploads/2013/04/mac_raspberryswirl004-400x355.jpg", "price": "$17.00", "price_per_ounce": 170.0}, {"full_text": "Permanent. $17.00/0.10 oz.", "brand": "MAC", "name": "Rebel", "url": "http://www.temptalia.com/product/mac-cosmetics-lipstick/rebel", "review": "A", "user_rating": "4", "permanence": "P", "rgb": [156, 51, 4], "color_name": "fuchsia", "image_url": "http://www.temptalia.com/wp-content/uploads/2014/10/mac_rebel004-400x355.jpg", "price": "$17.00", "price_per_ounce": 170.0}, {"full_text": "Permanent. $22.00/0.14 oz.", "brand": "MAC", "name": "Glamour Era", "url": "http://www.temptalia.com/product/mac-cosmetics-mineralize-rich-lipstick/glamour-era", "review": "B+", "user_rating": "4", "permanence": "P", "rgb": [168, 43, 52], "color_name": "pink", "image_url": "http://www.temptalia.com/wp-content/uploads/2013/03/mac_glamourera004-400x355.jpg", "price": "$22.00", "price_per_ounce": 157.14285714285714}, {"full_text": "Limited Edition. $17.00/0.10 oz.", "brand": "MAC", "name": "Caliente", "url": "http://www.temptalia.com/product/mac-cosmetics-lipstick/caliente", "review": "B-", "user_rating": "3", "permanence": "LE", "rgb": [130, 25, 29], "color_name": "red", "image_url": "http://www.temptalia.com/wp-content/uploads/2013/04/mac_caliente004-400x355.jpg", "price": "$17.00", "price_per_ounce": 170.0}, {"full_text": "Limited Edition. $17.00/0.10 oz.", "brand": "MAC", "name": "Feel My Pulse", "url": "http://www.temptalia.com/product/mac-cosmetics-lipstick/feel-my-pulse", "review": "A-", "user_rating": "4", "permanence": "LE", "rgb": [153, 69, 22], "color_name": "fuchsia", "image_url": "http://www.temptalia.com/wp-content/uploads/2013/04/mac_feelmypulse004-400x355.jpg", "price": "$17.00", "price_per_ounce": 170.0}, {"full_text": "Limited Edition. $17.00/0.10 oz.", "brand": "MAC", "name": "Sheer Seduction", "url": "http://www.temptalia.com/product/mac-cosmetics-lipstick/sheer-seduction", "review": "B-", "user_rating": "4", "permanence": "LE", "rgb": [175, 29, 48], "color_name": "red", "image_url": "http://www.temptalia.com/wp-content/uploads/2013/04/mac_sheerseduction004-400x355.jpg", "price": "$17.00", "price_per_ounce": 170.0}, {"full_text": "Permanent. $22.00/0.11 oz.", "brand": "Too Faced", "name": "So Berry Sexy", "url": "http://www.temptalia.com/product/too-faced-la-creme/so-berry-sexy", "review": "-", "user_rating": "4", "permanence": "P", "rgb": [161, 51, 22], "color_name": "red", "image_url": "http://www.temptalia.com/wp-content/uploads/2013/04/toofaced_soberrysexy004-400x355.jpg", "price": "$22.00", "price_per_ounce": 200.0}, {"full_text": "Permanent. $9.99/0.07 oz.", "brand": "Revlon", "name": "Cruise Collection", "url": "http://www.temptalia.com/product/revlon-colorstay-ultimate-suede-lipstick/cruise-collection", "review": "B-", "user_rating": "0", "permanence": "P", "rgb": [163, 32, 32], "color_name": "red", "image_url": "http://www.temptalia.com/wp-content/uploads/2013/06/revlon_cruisecollection006-400x355.jpg", "price": "$9.99", "price_per_ounce": 142.7142857142857}, {"full_text": "Permanent. $7.49/0.09 oz.", "brand": "Revlon", "name": "Pink Truffle", "url": "http://www.temptalia.com/product/revlon-colorburst-lip-butter/pink-truffle", "review": "-", "user_rating": "4", "permanence": "P", "rgb": [133, 35, 31], "color_name": "red", "image_url": "http://www.temptalia.com/wp-content/uploads/2012/07/revlon_pinktruffle003-400x355.jpg", "price": "$7.49", "price_per_ounce": 83.22222222222223}, {"full_text": "Permanent. $7.49/0.09 oz.", "brand": "Revlon", "name": "Raspberry Pie", "url": "http://www.temptalia.com/product/revlon-colorburst-lip-butter/raspberry-pie", "review": "-", "user_rating": "4", "permanence": "P", "rgb": [130, 31, 10], "color_name": "red", "image_url": "http://www.temptalia.com/wp-content/uploads/2012/03/revlon_raspberrypie003-400x355.jpg", "price": "$7.49", "price_per_ounce": 83.22222222222223}, {"full_text": "Permanent. $7.49/0.09 oz.", "brand": "Revlon", "name": "Strawberry Shortcake", "url": "http://www.temptalia.com/product/revlon-colorburst-lip-butter/strawberry-shortcake", "review": "-", "user_rating": "3", "permanence": "P", "rgb": [130, 74, 49], "color_name": "fuchsia", "image_url": "http://www.temptalia.com/wp-content/uploads/2012/03/revlon_strawberryshortcake003-400x355.jpg", "price": "$7.49", "price_per_ounce": 83.22222222222223}, {"full_text": "Permanent. $7.49/0.09 oz.", "brand": "Revlon", "name": "Tutti Frutti", "url": "http://www.temptalia.com/product/revlon-colorburst-lip-butter/tutti-frutti", "review": "-", "user_rating": "4", "permanence": "P", "rgb": [143, 34, 41], "color_name": "red", "image_url": "http://www.temptalia.com/wp-content/uploads/2012/10/revlon_tuttifrutti004-400x355.jpg", "price": "$7.49", "price_per_ounce": 83.22222222222223}, {"full_text": "Discontinued. $7.49/0.09 oz.", "brand": "Revlon", "name": "Carnation", "url": "http://www.temptalia.com/product/revlon-colorburst-lipcolor/carnation", "review": "-", "user_rating": "0", "permanence": "DC", "rgb": [225, 170, 149], "color_name": "fuchsia", "image_url": "http://www.temptalia.com/wp-content/uploads/2011/03/revlon_carnation002-400x355.jpg", "price": "$7.49", "price_per_ounce": 83.22222222222223}, {"full_text": "Permanent. $7.49/0.09 oz.", "brand": "Revlon", "name": "Lollipop", "url": "http://www.temptalia.com/product/revlon-colorburst-lip-butter/lollipop", "review": "-", "user_rating": "3", "permanence": "P", "rgb": [140, 47, 14], "color_name": "fuchsia", "image_url": "http://www.temptalia.com/wp-content/uploads/2012/02/revlon_lollipop003-400x355.jpg", "price": "$7.49", "price_per_ounce": 83.22222222222223}, {"full_text": "Permanent. $7.49/0.09 oz.", "brand": "Revlon", "name": "Cotton Candy", "url": "http://www.temptalia.com/product/revlon-colorburst-lip-butter/cotton-candy", "review": "-", "user_rating": "3", "permanence": "P", "rgb": [135, 61, 51], "color_name": "red", "image_url": "http://www.temptalia.com/wp-content/uploads/2012/03/revlon_cottoncandy003-400x355.jpg", "price": "$7.49", "price_per_ounce": 83.22222222222223}, {"full_text": "Permanent. $7.49/0.09 oz.", "brand": "Revlon", "name": "Cupcake", "url": "http://www.temptalia.com/product/revlon-colorburst-lip-butter/cupcake", "review": "-", "user_rating": "3", "permanence": "P", "rgb": [166, 92, 68], "color_name": "nude", "image_url": "http://www.temptalia.com/wp-content/uploads/2012/05/revlon_cupcake004-400x355.jpg", "price": "$7.49", "price_per_ounce": 83.22222222222223}, {"full_text": "Permanent. $4.00", "brand": "NYX", "name": "Pink Lyric", "url": "http://www.temptalia.com/product/nyx-extra-creamy-round-lipstick/pink-lyric", "review": "A-", "user_rating": "4", "permanence": "P", "rgb": [134, 42, 16], "color_name": "red", "image_url": "http://www.temptalia.com/wp-content/uploads/2012/02/nyx_pinklyric003-400x355.jpg", "price": "$4.00", "price_per_ounce": "NA"}, {"full_text": "Permanent. $4.00", "brand": "NYX", "name": "Stella", "url": "http://www.temptalia.com/product/nyx-extra-creamy-round-lipstick/stella", "review": "B", "user_rating": "5", "permanence": "P", "rgb": [182, 68, 55], "color_name": "pink", "image_url": "http://www.temptalia.com/wp-content/uploads/2012/02/nyx_stella003-400x355.jpg", "price": "$4.00", "price_per_ounce": "NA"}, {"full_text": "Permanent. $4.00", "brand": "NYX", "name": "Paparazzi", "url": "http://www.temptalia.com/product/nyx-extra-creamy-round-lipstick/paparazzi", "review": "B+", "user_rating": "0", "permanence": "P", "rgb": [211, 98, 73], "color_name": "pink", "image_url": "http://www.temptalia.com/wp-content/uploads/2013/10/nyx_paparazzi004-400x355.jpg", "price": "$4.00", "price_per_ounce": "NA"}, {"full_text": "Permanent. $4.00", "brand": "NYX", "name": "Fortune Cookie", "url": "http://www.temptalia.com/product/nyx-extra-creamy-round-lipstick/fortune-cookie", "review": "B-", "user_rating": "0", "permanence": "P", "rgb": [139, 63, 65], "color_name": "nude", "image_url": "http://www.temptalia.com/wp-content/uploads/2011/12/nyx_fortunecookieround003-400x355.jpg", "price": "$4.00", "price_per_ounce": "NA"}, {"full_text": "Permanent. $4.00", "brand": "NYX", "name": "Haute Melon", "url": "http://www.temptalia.com/product/nyx-extra-creamy-round-lipstick/haute-melon", "review": "B", "user_rating": "0", "permanence": "P", "rgb": [154, 31, 30], "color_name": "red", "image_url": "http://www.temptalia.com/wp-content/uploads/2012/02/nyx_hautemelon003-400x355.jpg", "price": "$4.00", "price_per_ounce": "NA"}, {"full_text": "Permanent. $4.00", "brand": "NYX", "name": "Blush", "url": "http://www.temptalia.com/product/nyx-extra-creamy-round-lipstick/blush", "review": "A-", "user_rating": "5", "permanence": "P", "rgb": [185, 74, 65], "color_name": "pink", "image_url": "http://www.temptalia.com/wp-content/uploads/2013/10/nyx_blush004-400x355.jpg", "price": "$4.00", "price_per_ounce": "NA"}, {"full_text": "Permanent. $4.00", "brand": "NYX", "name": "Castle", "url": "http://www.temptalia.com/product/nyx-extra-creamy-round-lipstick/castle", "review": "B+", "user_rating": "0", "permanence": "P", "rgb": [157, 96, 59], "color_name": "fuchsia", "image_url": "http://www.temptalia.com/wp-content/uploads/2013/10/nyx_castle004-400x355.jpg", "price": "$4.00", "price_per_ounce": "NA"}, {"full_text": "Permanent. $4.00", "brand": "NYX", "name": "Chic", "url": "http://www.temptalia.com/product/nyx-extra-creamy-round-lipstick/chic", "review": "B+", "user_rating": "0", "permanence": "P", "rgb": [201, 85, 76], "color_name": "pink", "image_url": "http://www.temptalia.com/wp-content/uploads/2013/10/nyx_chic004-400x355.jpg", "price": "$4.00", "price_per_ounce": "NA"}, {"full_text": "Permanent. $4.00", "brand": "NYX", "name": "Chic Red", "url": "http://www.temptalia.com/product/nyx-extra-creamy-round-lipstick/chic-red", "review": "A", "user_rating": "5", "permanence": "P", "rgb": [92, 9, 6], "color_name": "burgundy", "image_url": "http://www.temptalia.com/wp-content/uploads/2011/11/nyx_chicredround003-400x355.jpg", "price": "$4.00", "price_per_ounce": "NA"}, {"full_text": "Permanent. $25.00/0.09 oz.", "brand": "NARS", "name": "Train Bleu", "url": "http://www.temptalia.com/product/nars-cosmetics-velvet-matte-lip-pencil/train-bleu", "review": "A-", "user_rating": "3", "permanence": "P", "rgb": [18, 0, 0], "color_name": "burgundy", "image_url": "http://www.temptalia.com/wp-content/uploads/2011/08/nars_trainbleu004-400x355.jpg", "price": "$25.00", "price_per_ounce": 277.77777777777777}, {"full_text": "Permanent. $25.00/0.09 oz.", "brand": "NARS", "name": "Sex Machine", "url": "http://www.temptalia.com/product/nars-cosmetics-velvet-matte-lip-pencil/sex-machine", "review": "B", "user_rating": "4", "permanence": "P", "rgb": [191, 78, 77], "color_name": "pink", "image_url": "http://www.temptalia.com/wp-content/uploads/2013/10/nars_promiscuousset033-400x355.jpg", "price": "$25.00", "price_per_ounce": 277.77777777777777}, {"full_text": "Limited Edition. $25.00/0.09 oz.", "brand": "NARS", "name": "Tender Night", "url": "http://www.temptalia.com/product/nars-cosmetics-velvet-matte-lip-pencil/tender-night", "review": "D", "user_rating": "0", "permanence": "LE", "rgb": [184, 83, 79], "color_name": "nude", "image_url": "http://www.temptalia.com/wp-content/uploads/2013/04/nars_tendernight005-400x355.jpg", "price": "$25.00", "price_per_ounce": 277.77777777777777}, {"full_text": "Limited Edition. $25.00/0.09 oz.", "brand": "NARS", "name": "413 BLKR", "url": "http://www.temptalia.com/product/nars-cosmetics-velvet-matte-lip-pencil/413-blkr", "review": "B", "user_rating": "0", "permanence": "LE", "rgb": [148, 34, 13], "color_name": "red", "image_url": "http://www.temptalia.com/wp-content/uploads/2012/10/nars_413blkrvelvet005-400x355.jpg", "price": "$25.00", "price_per_ounce": 277.77777777777777}, {"full_text": "Limited Edition. $25.00/0.09 oz.", "brand": "NARS", "name": "Bolero", "url": "http://www.temptalia.com/product/nars-cosmetics-velvet-matte-lip-pencil/bolero", "review": "B", "user_rating": "3", "permanence": "LE", "rgb": [129, 38, 29], "color_name": "red", "image_url": "http://www.temptalia.com/wp-content/uploads/2011/04/nars_bolero006-400x355.jpg", "price": "$25.00", "price_per_ounce": 277.77777777777777}, {"full_text": "Permanent. $25.00/0.09 oz.", "brand": "NARS", "name": "Cruella", "url": "http://www.temptalia.com/product/nars-cosmetics-velvet-matte-lip-pencil/cruella", "review": "A", "user_rating": "4", "permanence": "P", "rgb": [168, 27, 26], "color_name": "red", "image_url": "http://www.temptalia.com/wp-content/uploads/2014/10/nars_digitalworld036-400x355.jpg", "price": "$25.00", "price_per_ounce": 277.77777777777777}, {"full_text": "Permanent. $25.00/0.09 oz.", "brand": "NARS", "name": "Dolce Vita", "url": "http://www.temptalia.com/product/nars-cosmetics-velvet-matte-lip-pencil/dolce-vita", "review": "-", "user_rating": "4", "permanence": "P", "rgb": [171, 46, 47], "color_name": "pink", "image_url": "http://www.temptalia.com/wp-content/uploads/2013/10/nars_flinglipset007-400x355.jpg", "price": "$25.00", "price_per_ounce": 277.77777777777777}, {"full_text": "Permanent. $25.00/0.09 oz.", "brand": "NARS", "name": "Dragon Girl", "url": "http://www.temptalia.com/product/nars-cosmetics-velvet-matte-lip-pencil/dragon-girl", "review": "-", "user_rating": "4", "permanence": "P", "rgb": [115, 13, 4], "color_name": "red", "image_url": "http://www.temptalia.com/wp-content/uploads/2012/05/nars_dragongirl003-400x355.jpg", "price": "$25.00", "price_per_ounce": 277.77777777777777}, {"full_text": "Permanent. $25.00/0.09 oz.", "brand": "NARS", "name": "Never Say Never", "url": "http://www.temptalia.com/product/nars-cosmetics-velvet-matte-lip-pencil/never-say-never", "review": "-", "user_rating": "4", "permanence": "P", "rgb": [135, 48, 27], "color_name": "red", "image_url": "http://www.temptalia.com/wp-content/uploads/2012/04/nars_neversaynever004-400x355.jpg", "price": "$25.00", "price_per_ounce": 277.77777777777777}, {"full_text": "Permanent. $26.00/0.12 oz.", "brand": "NARS", "name": "Vendanges", "url": "http://www.temptalia.com/product/nars-cosmetics-sheer-lipstick/vendanges", "review": "A-", "user_rating": "4", "permanence": "P", "rgb": [110, 25, 22], "color_name": "red", "image_url": "http://www.temptalia.com/wp-content/uploads/2012/04/nars_vendanges003-400x355.jpg", "price": "$26.00", "price_per_ounce": 216.66666666666669}, {"full_text": "Permanent. $26.00/0.12 oz.", "brand": "NARS", "name": "Roman Holiday", "url": "http://www.temptalia.com/product/nars-cosmetics-sheer-lipstick/roman-holiday", "review": "B-", "user_rating": "5", "permanence": "P", "rgb": [204, 103, 81], "color_name": "pink", "image_url": "http://www.temptalia.com/wp-content/uploads/2013/10/nars_flinglipset025-400x355.jpg", "price": "$26.00", "price_per_ounce": 216.66666666666669}, {"full_text": "Permanent. $26.00/0.12 oz.", "brand": "NARS", "name": "Damage", "url": "http://www.temptalia.com/product/nars-cosmetics-sheer-lipstick/damage", "review": "A-", "user_rating": "4", "permanence": "P", "rgb": [98, 27, 22], "color_name": "red", "image_url": "http://www.temptalia.com/wp-content/uploads/2011/11/nars_damage003-400x355.jpg", "price": "$26.00", "price_per_ounce": 216.66666666666669}, {"full_text": "Permanent. $26.00/0.12 oz.", "brand": "NARS", "name": "Falbala", "url": "http://www.temptalia.com/product/nars-cosmetics-sheer-lipstick/falbala", "review": "A-", "user_rating": "5", "permanence": "P", "rgb": [145, 45, 40], "color_name": "red", "image_url": "http://www.temptalia.com/wp-content/uploads/2012/05/nars_falbala003-400x355.jpg", "price": "$26.00", "price_per_ounce": 216.66666666666669}, {"full_text": "Permanent. $26.00/0.12 oz.", "brand": "NARS", "name": "Flair", "url": "http://www.temptalia.com/product/nars-cosmetics-sheer-lipstick/flair", "review": "B+", "user_rating": "3", "permanence": "P", "rgb": [155, 35, 29], "color_name": "red", "image_url": "http://www.temptalia.com/wp-content/uploads/2014/02/nars_flair004-400x355.jpg", "price": "$26.00", "price_per_ounce": 216.66666666666669}, {"full_text": "Permanent. $26.00/0.12 oz.", "brand": "NARS", "name": "Flamenco", "url": "http://www.temptalia.com/product/nars-cosmetics-sheer-lipstick/flamenco", "review": "A-", "user_rating": "0", "permanence": "P", "rgb": [112, 18, 15], "color_name": "red", "image_url": "http://www.temptalia.com/wp-content/uploads/2011/12/nars_flamenco003-400x355.jpg", "price": "$26.00", "price_per_ounce": 216.66666666666669}, {"full_text": "Permanent. $26.00/0.12 oz.", "brand": "NARS", "name": "Mayflower", "url": "http://www.temptalia.com/product/nars-cosmetics-sheer-lipstick/mayflower", "review": "A-", "user_rating": "5", "permanence": "P", "rgb": [103, 22, 11], "color_name": "red", "image_url": "http://www.temptalia.com/wp-content/uploads/2011/05/nars_mayflower006-400x355.jpg", "price": "$26.00", "price_per_ounce": 216.66666666666669}, {"full_text": "Permanent. $26.00/0.12 oz.", "brand": "NARS", "name": "Mitzi", "url": "http://www.temptalia.com/product/nars-cosmetics-sheer-lipstick/mitzi", "review": "A-", "user_rating": "0", "permanence": "P", "rgb": [137, 46, 44], "color_name": "red", "image_url": "http://www.temptalia.com/wp-content/uploads/2012/11/nars_mitzi003-400x355.jpg", "price": "$26.00", "price_per_ounce": 216.66666666666669}, {"full_text": "Permanent. $26.00/0.12 oz.", "brand": "NARS", "name": "Pago Pago", "url": "http://www.temptalia.com/product/nars-cosmetics-sheer-lipstick/pago-pago", "review": "B", "user_rating": "0", "permanence": "P", "rgb": [130, 44, 43], "color_name": "red", "image_url": "http://www.temptalia.com/wp-content/uploads/2011/07/nars_pagopago003-400x355.jpg", "price": "$26.00", "price_per_ounce": 216.66666666666669}, {"full_text": "Permanent. $25.00/0.07 oz.", "brand": "NARS", "name": "Golshan", "url": "http://www.temptalia.com/product/nars-cosmetics-satin-lip-pencil/golshan", "review": "-", "user_rating": "4", "permanence": "P", "rgb": [140, 17, 19], "color_name": "red", "image_url": "http://www.temptalia.com/wp-content/uploads/2013/03/nars_golshan005-400x355.jpg", "price": "$25.00", "price_per_ounce": 357.1428571428571}, {"full_text": "Permanent. $25.00/0.07 oz.", "brand": "NARS", "name": "Het Loo", "url": "http://www.temptalia.com/product/nars-cosmetics-satin-lip-pencil/het-loo", "review": "-", "user_rating": "4", "permanence": "P", "rgb": [141, 28, 44], "color_name": "red", "image_url": "http://www.temptalia.com/wp-content/uploads/2013/03/nars_hetloo005-400x355.jpg", "price": "$25.00", "price_per_ounce": 357.1428571428571}, {"full_text": "Permanent. $25.00/0.07 oz.", "brand": "NARS", "name": "Hyde Park", "url": "http://www.temptalia.com/product/nars-cosmetics-satin-lip-pencil/hyde-park", "review": "-", "user_rating": "5", "permanence": "P", "rgb": [158, 32, 19], "color_name": "red", "image_url": "http://www.temptalia.com/wp-content/uploads/2013/03/nars_hydepark005-400x355.jpg", "price": "$25.00", "price_per_ounce": 357.1428571428571}, {"full_text": "Permanent. $25.00/0.07 oz.", "brand": "NARS", "name": "Isola Bella", "url": "http://www.temptalia.com/product/nars-cosmetics-satin-lip-pencil/isola-bella", "review": "-", "user_rating": "3", "permanence": "P", "rgb": [167, 38, 54], "color_name": "pink", "image_url": "http://www.temptalia.com/wp-content/uploads/2013/03/nars_isolabella005-400x355.jpg", "price": "$25.00", "price_per_ounce": 357.1428571428571}, {"full_text": "Permanent. $25.00/0.07 oz.", "brand": "NARS", "name": "Jardin des Plantes", "url": "http://www.temptalia.com/product/nars-cosmetics-satin-lip-pencil/jardin-des-plantes", "review": "A", "user_rating": "0", "permanence": "P", "rgb": [170, 31, 12], "color_name": "red", "image_url": "http://www.temptalia.com/wp-content/uploads/2013/03/nars_jardindesplantes005-400x355.jpg", "price": "$25.00", "price_per_ounce": 357.1428571428571}, {"full_text": "Permanent. $25.00/0.07 oz.", "brand": "NARS", "name": "Lodhi", "url": "http://www.temptalia.com/product/nars-cosmetics-satin-lip-pencil/lodhi", "review": "-", "user_rating": "3", "permanence": "P", "rgb": [209, 53, 64], "color_name": "pink", "image_url": "http://www.temptalia.com/wp-content/uploads/2013/03/nars_lodhi005-400x355.jpg", "price": "$25.00", "price_per_ounce": 357.1428571428571}, {"full_text": "Permanent. $25.00/0.07 oz.", "brand": "NARS", "name": "Luxembourg", "url": "http://www.temptalia.com/product/nars-cosmetics-satin-lip-pencil/luxembourg", "review": "A", "user_rating": "4", "permanence": "P", "rgb": [145, 18, 3], "color_name": "red", "image_url": "http://www.temptalia.com/wp-content/uploads/2013/03/nars_luxembourg005-400x355.jpg", "price": "$25.00", "price_per_ounce": 357.1428571428571}, {"full_text": "Permanent. $25.00/0.07 oz.", "brand": "NARS", "name": "Majella", "url": "http://www.temptalia.com/product/nars-cosmetics-satin-lip-pencil/majella", "review": "-", "user_rating": "4", "permanence": "P", "rgb": [140, 14, 11], "color_name": "red", "image_url": "http://www.temptalia.com/wp-content/uploads/2013/03/nars_majella005-400x355.jpg", "price": "$25.00", "price_per_ounce": 357.1428571428571}, {"full_text": "Permanent. $25.00/0.07 oz.", "brand": "NARS", "name": "Palais Royal", "url": "http://www.temptalia.com/product/nars-cosmetics-satin-lip-pencil/palais-royal", "review": "-", "user_rating": "4", "permanence": "P", "rgb": [129, 26, 13], "color_name": "red", "image_url": "http://www.temptalia.com/wp-content/uploads/2013/03/nars_palaisroyal005-400x355.jpg", "price": "$25.00", "price_per_ounce": 357.1428571428571}, {"full_text": "Permanent. $25.00/0.07 oz.", "brand": "NARS", "name": "Rikugien", "url": "http://www.temptalia.com/product/nars-cosmetics-satin-lip-pencil/rikugien", "review": "-", "user_rating": "4", "permanence": "P", "rgb": [191, 54, 57], "color_name": "pink", "image_url": "http://www.temptalia.com/wp-content/uploads/2013/03/nars_rikugien005-400x355.jpg", "price": "$25.00", "price_per_ounce": 357.1428571428571}, {"full_text": "Permanent. $25.00/0.07 oz.", "brand": "NARS", "name": "Yu", "url": "http://www.temptalia.com/product/nars-cosmetics-satin-lip-pencil/yu", "review": "A", "user_rating": "4", "permanence": "P", "rgb": [207, 108, 39], "color_name": "fuchsia", "image_url": "http://www.temptalia.com/wp-content/uploads/2014/10/nars_digitalworld030-400x355.jpg", "price": "$25.00", "price_per_ounce": 357.1428571428571}, {"full_text": "Permanent. $26.00/0.12 oz.", "brand": "NARS", "name": "Beautiful Liar", "url": "http://www.temptalia.com/product/nars-cosmetics-sheer-lipstick/beautiful-liar", "review": "-", "user_rating": "4", "permanence": "P", "rgb": [137, 23, 26], "color_name": "red", "image_url": "http://www.temptalia.com/wp-content/uploads/2012/12/nars_beautifulliar004-400x355.jpg", "price": "$26.00", "price_per_ounce": 216.66666666666669}, {"full_text": "Permanent. $26.00/0.07 oz.", "brand": "NARS", "name": "Valparaiso", "url": "http://www.temptalia.com/product/nars-cosmetics-pure-matte-lipstick/valparaiso", "review": "A", "user_rating": "4", "permanence": "P", "rgb": [107, 23, 9], "color_name": "red", "image_url": "http://www.temptalia.com/wp-content/uploads/2012/01/nars_valparaiso003-400x355.jpg", "price": "$26.00", "price_per_ounce": 371.4285714285714}, {"full_text": "Permanent. $25.00/0.07 oz.", "brand": "NARS", "name": "Biscayne Park", "url": "http://www.temptalia.com/product/nars-cosmetics-satin-lip-pencil/biscayne-park", "review": "B-", "user_rating": "4", "permanence": "P", "rgb": [182, 59, 77], "color_name": "pink", "image_url": "http://www.temptalia.com/wp-content/uploads/2013/03/nars_biscaynepark005-400x355.jpg", "price": "$25.00", "price_per_ounce": 357.1428571428571}, {"full_text": "Permanent. $25.00/0.07 oz.", "brand": "NARS", "name": "Floralies", "url": "http://www.temptalia.com/product/nars-cosmetics-satin-lip-pencil/floralies", "review": "-", "user_rating": "3", "permanence": "P", "rgb": [188, 55, 85], "color_name": "orange", "image_url": "http://www.temptalia.com/wp-content/uploads/2013/03/nars_floralies005-400x355.jpg", "price": "$25.00", "price_per_ounce": 357.1428571428571}, {"full_text": "Permanent. $26.00/0.07 oz.", "brand": "NARS", "name": "Amsterdam", "url": "http://www.temptalia.com/product/nars-cosmetics-pure-matte-lipstick/amsterdam", "review": "A+", "user_rating": "4", "permanence": "P", "rgb": [97, 17, 16], "color_name": "red", "image_url": "http://www.temptalia.com/wp-content/uploads/2012/07/nars_amsterdam004-400x355.jpg", "price": "$26.00", "price_per_ounce": 371.4285714285714}, {"full_text": "Permanent. $26.00/0.07 oz.", "brand": "NARS", "name": "Carthage", "url": "http://www.temptalia.com/product/nars-cosmetics-pure-matte-lipstick/carthage", "review": "A-", "user_rating": "4", "permanence": "P", "rgb": [118, 28, 0], "color_name": "red", "image_url": "http://www.temptalia.com/wp-content/uploads/2011/05/nars_carthage005-400x355.jpg", "price": "$26.00", "price_per_ounce": 371.4285714285714}, {"full_text": "Permanent. $26.00/0.07 oz.", "brand": "NARS", "name": "Mascate", "url": "http://www.temptalia.com/product/nars-cosmetics-pure-matte-lipstick/mascate", "review": "A", "user_rating": "4", "permanence": "P", "rgb": [92, 13, 0], "color_name": "burgundy", "image_url": "http://www.temptalia.com/wp-content/uploads/2011/07/nars_mascate003-400x355.jpg", "price": "$26.00", "price_per_ounce": 371.4285714285714}, {"full_text": "Permanent. $26.00/0.07 oz.", "brand": "NARS", "name": "Montego Bay", "url": "http://www.temptalia.com/product/nars-cosmetics-pure-matte-lipstick/montego-bay", "review": "B+", "user_rating": "0", "permanence": "P", "rgb": [130, 41, 34], "color_name": "red", "image_url": "http://www.temptalia.com/wp-content/uploads/2011/07/nars_montegobay003-400x355.jpg", "price": "$26.00", "price_per_ounce": 371.4285714285714}, {"full_text": "Permanent. $26.00/0.07 oz.", "brand": "NARS", "name": "Moscow", "url": "http://www.temptalia.com/product/nars-cosmetics-pure-matte-lipstick/moscow", "review": "A", "user_rating": "4", "permanence": "P", "rgb": [129, 9, 12], "color_name": "red", "image_url": "http://www.temptalia.com/wp-content/uploads/2012/04/nars_moscow003-400x355.jpg", "price": "$26.00", "price_per_ounce": 371.4285714285714}, {"full_text": "Permanent. $26.00/0.12 oz.", "brand": "NARS", "name": "Afghan Red", "url": "http://www.temptalia.com/product/nars-cosmetics-lipstick/afghan-red", "review": "-", "user_rating": "4", "permanence": "P", "rgb": [94, 16, 7], "color_name": "burgundy", "image_url": "http://www.temptalia.com/wp-content/uploads/2012/05/nars_afghanred003-400x355.jpg", "price": "$26.00", "price_per_ounce": 216.66666666666669}, {"full_text": "Permanent. $26.00/0.12 oz.", "brand": "NARS", "name": "Casablanca", "url": "http://www.temptalia.com/product/nars-cosmetics-lipstick/casablanca", "review": "A-", "user_rating": "2", "permanence": "P", "rgb": [101, 17, 20], "color_name": "red", "image_url": "http://www.temptalia.com/wp-content/uploads/2011/12/nars_casablanca003-400x355.jpg", "price": "$26.00", "price_per_ounce": 216.66666666666669}, {"full_text": "Permanent. $26.00/0.12 oz.", "brand": "NARS", "name": "Catfight", "url": "http://www.temptalia.com/product/nars-cosmetics-lipstick/catfight", "review": "B", "user_rating": "0", "permanence": "P", "rgb": [95, 28, 26], "color_name": "red", "image_url": "http://www.temptalia.com/wp-content/uploads/2011/11/nars_catfight003-400x355.jpg", "price": "$26.00", "price_per_ounce": 216.66666666666669}, {"full_text": "Permanent. $26.00/0.12 oz.", "brand": "NARS", "name": "Christina", "url": "http://www.temptalia.com/product/nars-cosmetics-lipstick/christina", "review": "A", "user_rating": "4", "permanence": "P", "rgb": [136, 29, 18], "color_name": "red", "image_url": "http://www.temptalia.com/wp-content/uploads/2012/01/nars_christina003-400x355.jpg", "price": "$26.00", "price_per_ounce": 216.66666666666669}, {"full_text": "Permanent. $26.00/0.12 oz.", "brand": "NARS", "name": "Dressed to Kill", "url": "http://www.temptalia.com/product/nars-cosmetics-lipstick/dressed-to-kill", "review": "A", "user_rating": "4", "permanence": "P", "rgb": [126, 14, 10], "color_name": "red", "image_url": "http://www.temptalia.com/wp-content/uploads/2013/01/nars_dressedtokill004-400x355.jpg", "price": "$26.00", "price_per_ounce": 216.66666666666669}, {"full_text": "Limited Edition. $26.00/0.12 oz.", "brand": "NARS", "name": "Joyous Red", "url": "http://www.temptalia.com/product/nars-cosmetics-lipstick/joyous-red", "review": "A+", "user_rating": "3", "permanence": "LE", "rgb": [88, 13, 13], "color_name": "burgundy", "image_url": "http://www.temptalia.com/wp-content/uploads/2011/10/nars_joyousred003-400x355.jpg", "price": "$26.00", "price_per_ounce": 216.66666666666669}, {"full_text": "Permanent. $26.00/0.12 oz.", "brand": "NARS", "name": "Tolede", "url": "http://www.temptalia.com/product/nars-cosmetics-lipstick/tolede", "review": "A", "user_rating": "3", "permanence": "P", "rgb": [157, 46, 43], "color_name": "red", "image_url": "http://www.temptalia.com/wp-content/uploads/2013/04/nars_tolede004-400x355.jpg", "price": "$26.00", "price_per_ounce": 216.66666666666669}, {"full_text": "Permanent. $5.49/0.14 oz.", "brand": "Milani", "name": "Sweet Nectar", "url": "http://www.temptalia.com/product/milani-color-statement-lipstick/sweet-nectar", "review": "A", "user_rating": "4", "permanence": "P", "rgb": [219, 12, 39], "color_name": "pink", "image_url": "http://www.temptalia.com/wp-content/uploads/2013/07/milani_sweetnectar004-400x355.jpg", "price": "$5.49", "price_per_ounce": 39.214285714285715}, {"full_text": "Permanent. $5.49/0.14 oz.", "brand": "Milani", "name": "Violet Volt", "url": "http://www.temptalia.com/product/milani-color-statement-lipstick/violet-volt", "review": "B", "user_rating": "5", "permanence": "P", "rgb": [156, 78, 23], "color_name": "fuchsia", "image_url": "http://www.temptalia.com/wp-content/uploads/2013/04/milani_violetvolt004-400x355.jpg", "price": "$5.49", "price_per_ounce": 39.214285714285715}, {"full_text": "Permanent. $5.49/0.14 oz.", "brand": "Milani", "name": "Cherry Crave", "url": "http://www.temptalia.com/product/milani-color-statement-lipstick/cherry-crave", "review": "A-", "user_rating": "0", "permanence": "P", "rgb": [161, 12, 9], "color_name": "red", "image_url": "http://www.temptalia.com/wp-content/uploads/2013/10/milani_cherrycrave004-400x355.jpg", "price": "$5.49", "price_per_ounce": 39.214285714285715}, {"full_text": "Permanent. $5.49/0.14 oz.", "brand": "Milani", "name": "Chilled Brandy", "url": "http://www.temptalia.com/product/milani-color-statement-lipstick/chilled-brandy", "review": "B+", "user_rating": "0", "permanence": "P", "rgb": [132, 21, 18], "color_name": "red", "image_url": "http://www.temptalia.com/wp-content/uploads/2013/11/milani_chilledbrandy004-400x355.jpg", "price": "$5.49", "price_per_ounce": 39.214285714285715}, {"full_text": "Permanent. $5.49/0.14 oz.", "brand": "Milani", "name": "Hot Pink Rage", "url": "http://www.temptalia.com/product/milani-color-statement-lipstick/hot-pink-rage", "review": "A", "user_rating": "0", "permanence": "P", "rgb": [211, 77, 23], "color_name": "fuchsia", "image_url": "http://www.temptalia.com/wp-content/uploads/2013/11/milani_hotpinkrage004-400x355.jpg", "price": "$5.49", "price_per_ounce": 39.214285714285715}, {"full_text": "Permanent. $5.49/0.14 oz.", "brand": "Milani", "name": "Raspberry Rush", "url": "http://www.temptalia.com/product/milani-color-statement-lipstick/raspberry-rush", "review": "B", "user_rating": "0", "permanence": "P", "rgb": [187, 47, 13], "color_name": "red", "image_url": "http://www.temptalia.com/wp-content/uploads/2013/04/milani_raspberryrush004-400x355.jpg", "price": "$5.49", "price_per_ounce": 39.214285714285715}, {"full_text": "Permanent. $7.49/0.15 oz.", "brand": "Maybelline", "name": "Brazen Berry", "url": "http://www.temptalia.com/product/maybelline-colorsensational-vivids-lip-color/brazen-berry", "review": "-", "user_rating": "4", "permanence": "P", "rgb": [159, 77, 29], "color_name": "fuchsia", "image_url": "http://www.temptalia.com/wp-content/uploads/2013/04/maybelline_brazenberry004-400x355.jpg", "price": "$7.49", "price_per_ounce": 49.93333333333334}, {"full_text": "Permanent. $7.49/0.15 oz.", "brand": "Maybelline", "name": "Electric Orange", "url": "http://www.temptalia.com/product/maybelline-colorsensational-vivids-lip-color/electric-orange", "review": "-", "user_rating": "3", "permanence": "P", "rgb": [193, 12, 35], "color_name": "pink", "image_url": "http://www.temptalia.com/wp-content/uploads/2013/04/maybelline_electricorange004-400x355.jpg", "price": "$7.49", "price_per_ounce": 49.93333333333334}, {"full_text": "Permanent. $7.49/0.15 oz.", "brand": "Maybelline", "name": "Fuchsia Flash", "url": "http://www.temptalia.com/product/maybelline-colorsensational-vivids-lip-color/fuchsia-flash", "review": "-", "user_rating": "4", "permanence": "P", "rgb": [185, 67, 19], "color_name": "fuchsia", "image_url": "http://www.temptalia.com/wp-content/uploads/2013/03/maybelline_fuchsiaflash004-400x355.jpg", "price": "$7.49", "price_per_ounce": 49.93333333333334}, {"full_text": "Permanent. $7.49/0.15 oz.", "brand": "Maybelline", "name": "Hot Plum", "url": "http://www.temptalia.com/product/maybelline-colorsensational-vivids-lip-color/hot-plum", "review": "-", "user_rating": "4", "permanence": "P", "rgb": [169, 67, 14], "color_name": "fuchsia", "image_url": "http://www.temptalia.com/wp-content/uploads/2013/03/maybelline_hotplum004-400x355.jpg", "price": "$7.49", "price_per_ounce": 49.93333333333334}, {"full_text": "Permanent. $7.49/0.15 oz.", "brand": "Maybelline", "name": "Neon Red", "url": "http://www.temptalia.com/product/maybelline-colorsensational-vivids-lip-color/neon-red", "review": "A+", "user_rating": "4", "permanence": "P", "rgb": [182, 1, 7], "color_name": "red", "image_url": "http://www.temptalia.com/wp-content/uploads/2013/06/maybelline_neonred004-400x355.jpg", "price": "$7.49", "price_per_ounce": 49.93333333333334}, {"full_text": "Permanent. $7.49/0.15 oz.", "brand": "Maybelline", "name": "On Fire Red", "url": "http://www.temptalia.com/product/maybelline-colorsensational-vivids-lip-color/on-fire-red", "review": "A", "user_rating": "5", "permanence": "P", "rgb": [197, 16, 11], "color_name": "pink", "image_url": "http://www.temptalia.com/wp-content/uploads/2014/03/maybelline_onfirered004-400x355.jpg", "price": "$7.49", "price_per_ounce": 49.93333333333334}, {"full_text": "Permanent. $7.49/0.15 oz.", "brand": "Maybelline", "name": "Pink Pop", "url": "http://www.temptalia.com/product/maybelline-colorsensational-vivids-lip-color/pink-pop", "review": "-", "user_rating": "4", "permanence": "P", "rgb": [205, 121, 76], "color_name": "fuchsia", "image_url": "http://www.temptalia.com/wp-content/uploads/2013/04/maybelline_pinkpop004-400x355.jpg", "price": "$7.49", "price_per_ounce": 49.93333333333334}, {"full_text": "Permanent. $7.49/0.15 oz.", "brand": "Maybelline", "name": "Shocking Coral", "url": "http://www.temptalia.com/product/maybelline-colorsensational-vivids-lip-color/shocking-coral", "review": "-", "user_rating": "4", "permanence": "P", "rgb": [203, 43, 31], "color_name": "pink", "image_url": "http://www.temptalia.com/wp-content/uploads/2013/03/maybelline_shockingcoral004-400x355.jpg", "price": "$7.49", "price_per_ounce": 49.93333333333334}, {"full_text": "Permanent. $7.49/0.15 oz.", "brand": "Maybelline", "name": "Vibrant Mandarin", "url": "http://www.temptalia.com/product/maybelline-colorsensational-vivids-lip-color/vibrant-mandarin", "review": "-", "user_rating": "4", "permanence": "P", "rgb": [185, 16, 26], "color_name": "red", "image_url": "http://www.temptalia.com/wp-content/uploads/2013/03/maybelline_vibrantmandarin004-400x355.jpg", "price": "$7.49", "price_per_ounce": 49.93333333333334}, {"full_text": "Permanent. $7.49/0.15 oz.", "brand": "Maybelline", "name": "Vivid Rose", "url": "http://www.temptalia.com/product/maybelline-colorsensational-vivids-lip-color/vivid-rose", "review": "-", "user_rating": "4", "permanence": "P", "rgb": [168, 30, 8], "color_name": "red", "image_url": "http://www.temptalia.com/wp-content/uploads/2013/03/maybelline_vividrose004-400x355.jpg", "price": "$7.49", "price_per_ounce": 49.93333333333334}, {"full_text": "Permanent. $7.49/0.15 oz.", "brand": "Maybelline", "name": "Yummy Plummy", "url": "http://www.temptalia.com/product/maybelline-colorsensational-lipcolor/yummy-plummy", "review": "A", "user_rating": "4", "permanence": "P", "rgb": [170, 60, 42], "color_name": "pink", "image_url": "http://www.temptalia.com/wp-content/uploads/2013/10/maybelline_yummyplummy004-400x355.jpg", "price": "$7.49", "price_per_ounce": 49.93333333333334}, {"full_text": "Permanent. $7.49/0.15 oz.", "brand": "Maybelline", "name": "Mochachino", "url": "http://www.temptalia.com/product/maybelline-colorsensational-lipcolor/mochachino", "review": "A-", "user_rating": "0", "permanence": "P", "rgb": [160, 27, 41], "color_name": "red", "image_url": "http://www.temptalia.com/wp-content/uploads/2013/10/maybelline_mochachino004-400x355.jpg", "price": "$7.49", "price_per_ounce": 49.93333333333334}, {"full_text": "Permanent. $7.49/0.15 oz.", "brand": "Maybelline", "name": "Very Cherry", "url": "http://www.temptalia.com/product/maybelline-colorsensational-lipcolor/very-cherry", "review": "A", "user_rating": "4", "permanence": "P", "rgb": [214, 121, 118], "color_name": "pink", "image_url": "http://www.temptalia.com/wp-content/uploads/2012/03/maybelline_verycherry002-400x355.jpg", "price": "$7.49", "price_per_ounce": 49.93333333333334}, {"full_text": "Limited Edition. $17.00/0.10 oz.", "brand": "MAC", "name": "Headturner", "url": "http://www.temptalia.com/product/mac-cosmetics-lipstick/headturner", "review": "-", "user_rating": "0", "permanence": "LE", "rgb": [215, 141, 156], "color_name": "nude", "image_url": "http://www.temptalia.com/wp-content/uploads/2012/10/mac_gorgeousbronzekit014-400x355.jpg", "price": "$17.00", "price_per_ounce": 170.0}, {"full_text": "Limited Edition. $17.00/0.12 oz.", "brand": "MAC", "name": "Asian Flower", "url": "http://www.temptalia.com/product/mac-cosmetics-sheen-supreme-lipstick/asian-flower", "review": "-", "user_rating": "4", "permanence": "LE", "rgb": [118, 58, 15], "color_name": "fuchsia", "image_url": "http://www.temptalia.com/wp-content/uploads/2011/08/mac_asianflower003-400x355.jpg", "price": "$17.00", "price_per_ounce": 141.66666666666669}, {"full_text": "Limited Edition. $17.00/0.12 oz.", "brand": "MAC", "name": "Blossom Culture", "url": "http://www.temptalia.com/product/mac-cosmetics-sheen-supreme-lipstick/blossom-culture", "review": "-", "user_rating": "2", "permanence": "LE", "rgb": [134, 32, 19], "color_name": "red", "image_url": "http://www.temptalia.com/wp-content/uploads/2011/08/mac_blossomculture003-400x355.jpg", "price": "$17.00", "price_per_ounce": 141.66666666666669}, {"full_text": "Limited Edition. $17.00/0.12 oz.", "brand": "MAC", "name": "Sheer Mandarin", "url": "http://www.temptalia.com/product/mac-cosmetics-sheen-supreme-lipstick/sheer-mandarin", "review": "-", "user_rating": "0", "permanence": "LE", "rgb": [122, 9, 27], "color_name": "red", "image_url": "http://www.temptalia.com/wp-content/uploads/2011/08/mac_sheermandarin003-400x355.jpg", "price": "$17.00", "price_per_ounce": 141.66666666666669}, {"full_text": "Limited Edition. $17.00/0.12 oz.", "brand": "MAC", "name": "Supreme Style", "url": "http://www.temptalia.com/product/mac-cosmetics-sheen-supreme-lipstick/supreme-style", "review": "-", "user_rating": "3", "permanence": "LE", "rgb": [135, 38, 34], "color_name": "red", "image_url": "http://www.temptalia.com/wp-content/uploads/2011/08/mac_supremestyle003-400x355.jpg", "price": "$17.00", "price_per_ounce": 141.66666666666669}, {"full_text": "Limited Edition. $17.00/0.12 oz.", "brand": "MAC", "name": "Zen Rose", "url": "http://www.temptalia.com/product/mac-cosmetics-sheen-supreme-lipstick/zen-rose", "review": "A-", "user_rating": "4", "permanence": "LE", "rgb": [108, 35, 9], "color_name": "fuchsia", "image_url": "http://www.temptalia.com/wp-content/uploads/2012/02/mac_zenrose003-400x355.jpg", "price": "$17.00", "price_per_ounce": 141.66666666666669}, {"full_text": "Permanent. $18.00/0.12 oz.", "brand": "MAC", "name": "Positively Dashing", "url": "http://www.temptalia.com/product/mac-cosmetics-pro-longwear-lipcreme/positively-dashing", "review": "-", "user_rating": "4", "permanence": "P", "rgb": [100, 23, 15], "color_name": "red", "image_url": "http://www.temptalia.com/wp-content/uploads/2011/09/mac_positivelydashing003-400x355.jpg", "price": "$18.00", "price_per_ounce": 150.0}, {"full_text": "Permanent. $18.00/0.12 oz.", "brand": "MAC", "name": "Prolong", "url": "http://www.temptalia.com/product/mac-cosmetics-pro-longwear-lipcreme/prolong", "review": "-", "user_rating": "4", "permanence": "P", "rgb": [92, 9, 7], "color_name": "burgundy", "image_url": "http://www.temptalia.com/wp-content/uploads/2011/09/mac_prolong003-400x355.jpg", "price": "$18.00", "price_per_ounce": 150.0}, {"full_text": "Limited Edition. $18.00/0.12 oz.", "brand": "MAC", "name": "Red Dwarf", "url": "http://www.temptalia.com/product/mac-cosmetics-pro-longwear-lipcreme/red-dwarf", "review": "-", "user_rating": "4", "permanence": "LE", "rgb": [89, 15, 4], "color_name": "burgundy", "image_url": "http://www.temptalia.com/wp-content/uploads/2011/12/mac_reddwarf003-400x355.jpg", "price": "$18.00", "price_per_ounce": 150.0}, {"full_text": "Limited Edition. $18.00/0.12 oz.", "brand": "MAC", "name": "Seasoned Plum", "url": "http://www.temptalia.com/product/mac-cosmetics-pro-longwear-lipcreme/seasoned-plum", "review": "-", "user_rating": "3", "permanence": "LE", "rgb": [115, 65, 34], "color_name": "fuchsia", "image_url": "http://www.temptalia.com/wp-content/uploads/2011/12/mac_seasonedplum003-400x355.jpg", "price": "$18.00", "price_per_ounce": 150.0}, {"full_text": "Discontinued. $18.00/0.12 oz.", "brand": "MAC", "name": "So Very Good", "url": "http://www.temptalia.com/product/mac-cosmetics-pro-longwear-lipcreme/so-very-good", "review": "-", "user_rating": "4", "permanence": "DC", "rgb": [86, 17, 15], "color_name": "burgundy", "image_url": "http://www.temptalia.com/wp-content/uploads/2011/09/mac_soverygood003-400x355.jpg", "price": "$18.00", "price_per_ounce": 150.0}, {"full_text": "Permanent. $18.00/0.12 oz.", "brand": "MAC", "name": "Soft Sell", "url": "http://www.temptalia.com/product/mac-cosmetics-pro-longwear-lipcreme/soft-sell", "review": "-", "user_rating": "2", "permanence": "P", "rgb": [102, 26, 20], "color_name": "red", "image_url": "http://www.temptalia.com/wp-content/uploads/2011/09/mac_softsell003-400x355.jpg", "price": "$18.00", "price_per_ounce": 150.0}, {"full_text": "Permanent. $18.00/0.12 oz.", "brand": "MAC", "name": "Soulfully Rich", "url": "http://www.temptalia.com/product/mac-cosmetics-pro-longwear-lipcreme/soulfully-rich", "review": "-", "user_rating": "0", "permanence": "P", "rgb": [33, 2, 1], "color_name": "burgundy", "image_url": "http://www.temptalia.com/wp-content/uploads/2011/09/mac_soulfullyrich003-400x355.jpg", "price": "$18.00", "price_per_ounce": 150.0}, {"full_text": "Discontinued. $18.00/0.12 oz.", "brand": "MAC", "name": "Till Tomorrow", "url": "http://www.temptalia.com/product/mac-cosmetics-pro-longwear-lipcreme/till-tomorrow", "review": "-", "user_rating": "3", "permanence": "DC", "rgb": [99, 35, 33], "color_name": "red", "image_url": "http://www.temptalia.com/wp-content/uploads/2011/09/mac_tilltomorrow003-400x355.jpg", "price": "$18.00", "price_per_ounce": 150.0}, {"full_text": "Permanent. $18.00/0.12 oz.", "brand": "MAC", "name": "To the Future", "url": "http://www.temptalia.com/product/mac-cosmetics-pro-longwear-lipcreme/to-the-future", "review": "-", "user_rating": "3", "permanence": "P", "rgb": [117, 37, 42], "color_name": "red", "image_url": "http://www.temptalia.com/wp-content/uploads/2011/09/mac_tothefuture003-400x355.jpg", "price": "$18.00", "price_per_ounce": 150.0}, {"full_text": "Limited Edition. $18.00/0.12 oz.", "brand": "MAC", "name": "You're Perfect Already", "url": "http://www.temptalia.com/product/mac-cosmetics-pro-longwear-lipcreme/youre-perfect-already", "review": "-", "user_rating": "0", "permanence": "LE", "rgb": [170, 97, 88], "color_name": "nude", "image_url": "http://www.temptalia.com/wp-content/uploads/2012/05/mac_youreperfectalready004-400x355.jpg", "price": "$18.00", "price_per_ounce": 150.0}, {"full_text": "Limited Edition. $18.00/0.12 oz.", "brand": "MAC", "name": "Approaching Storm", "url": "http://www.temptalia.com/product/mac-cosmetics-pro-longwear-lipcreme/approaching-storm", "review": "-", "user_rating": "0", "permanence": "LE", "rgb": [60, 8, 6], "color_name": "burgundy", "image_url": "http://www.temptalia.com/wp-content/uploads/2011/12/mac_approachingstorm003-400x355.jpg", "price": "$18.00", "price_per_ounce": 150.0}, {"full_text": "Limited Edition. $18.00/0.12 oz.", "brand": "MAC", "name": "Booyah", "url": "http://www.temptalia.com/product/mac-cosmetics-pro-longwear-lipcreme/booyah", "review": "-", "user_rating": "4", "permanence": "LE", "rgb": [178, 21, 32], "color_name": "red", "image_url": "http://www.temptalia.com/wp-content/uploads/2012/05/mac_booyah004-400x355.jpg", "price": "$18.00", "price_per_ounce": 150.0}, {"full_text": "Limited Edition. $18.00/0.12 oz.", "brand": "MAC", "name": "Dear Diary", "url": "http://www.temptalia.com/product/mac-cosmetics-pro-longwear-lipcreme/dear-diary", "review": "-", "user_rating": "3", "permanence": "LE", "rgb": [171, 74, 26], "color_name": "fuchsia", "image_url": "http://www.temptalia.com/wp-content/uploads/2012/05/mac_deardiary004-400x355.jpg", "price": "$18.00", "price_per_ounce": 150.0}, {"full_text": "Permanent. $18.00/0.12 oz.", "brand": "MAC", "name": "Dress it Up", "url": "http://www.temptalia.com/product/mac-cosmetics-pro-longwear-lipcreme/dress-it-up", "review": "-", "user_rating": "2", "permanence": "P", "rgb": [121, 61, 43], "color_name": "red", "image_url": "http://www.temptalia.com/wp-content/uploads/2011/09/mac_dressitup003-400x355.jpg", "price": "$18.00", "price_per_ounce": 150.0}, {"full_text": "Permanent. $18.00/0.12 oz.", "brand": "MAC", "name": "Endless Drama", "url": "http://www.temptalia.com/product/mac-cosmetics-pro-longwear-lipcreme/endless-drama", "review": "-", "user_rating": "4", "permanence": "P", "rgb": [51, 6, 5], "color_name": "burgundy", "image_url": "http://www.temptalia.com/wp-content/uploads/2011/09/mac_endlessdrama003-400x355.jpg", "price": "$18.00", "price_per_ounce": 150.0}, {"full_text": "Discontinued. $18.00/0.12 oz.", "brand": "MAC", "name": "Extended Play", "url": "http://www.temptalia.com/product/mac-cosmetics-pro-longwear-lipcreme/extended-play", "review": "-", "user_rating": "3", "permanence": "DC", "rgb": [82, 7, 7], "color_name": "burgundy", "image_url": "http://www.temptalia.com/wp-content/uploads/2011/09/mac_extendedplay003-400x355.jpg", "price": "$18.00", "price_per_ounce": 150.0}, {"full_text": "Permanent. $18.00/0.12 oz.", "brand": "MAC", "name": "Good to Go", "url": "http://www.temptalia.com/product/mac-cosmetics-pro-longwear-lipcreme/good-to-go", "review": "-", "user_rating": "5", "permanence": "P", "rgb": [141, 8, 18], "color_name": "red", "image_url": "http://www.temptalia.com/wp-content/uploads/2011/09/mac_goodtogo003-400x355.jpg", "price": "$18.00", "price_per_ounce": 150.0}, {"full_text": "Limited Edition. $18.00/0.12 oz.", "brand": "MAC", "name": "Heart Hangover", "url": "http://www.temptalia.com/product/mac-cosmetics-pro-longwear-lipcreme/heart-hangover", "review": "-", "user_rating": "0", "permanence": "LE", "rgb": [73, 15, 5], "color_name": "burgundy", "image_url": "http://www.temptalia.com/wp-content/uploads/2012/05/mac_hearthangover004-400x355.jpg", "price": "$18.00", "price_per_ounce": 150.0}, {"full_text": "Permanent. $18.00/0.12 oz.", "brand": "MAC", "name": "Love Forever", "url": "http://www.temptalia.com/product/mac-cosmetics-pro-longwear-lipcreme/love-forever", "review": "-", "user_rating": "4", "permanence": "P", "rgb": [132, 52, 22], "color_name": "fuchsia", "image_url": "http://www.temptalia.com/wp-content/uploads/2011/09/mac_loveforever003-400x355.jpg", "price": "$18.00", "price_per_ounce": 150.0}, {"full_text": "Limited Edition. $18.00/0.12 oz.", "brand": "MAC", "name": "Love Long Distance", "url": "http://www.temptalia.com/product/mac-cosmetics-pro-longwear-lipcreme/love-long-distance", "review": "-", "user_rating": "1", "permanence": "LE", "rgb": [129, 64, 46], "color_name": "red", "image_url": "http://www.temptalia.com/wp-content/uploads/2012/05/mac_lovelongdistance004-400x355.jpg", "price": "$18.00", "price_per_ounce": 150.0}, {"full_text": "Permanent. $22.00/0.14 oz.", "brand": "MAC", "name": "Lush Life", "url": "http://www.temptalia.com/product/mac-cosmetics-mineralize-rich-lipstick/lush-life", "review": "A-", "user_rating": "3", "permanence": "P", "rgb": [146, 21, 3], "color_name": "red", "image_url": "http://www.temptalia.com/wp-content/uploads/2013/02/mac_lushlife004-400x355.jpg", "price": "$22.00", "price_per_ounce": 157.14285714285714}, {"full_text": "Permanent. $22.00/0.14 oz.", "brand": "MAC", "name": "Luxe Natural", "url": "http://www.temptalia.com/product/mac-cosmetics-mineralize-rich-lipstick/luxe-natural", "review": "B", "user_rating": "0", "permanence": "P", "rgb": [180, 89, 101], "color_name": "nude", "image_url": "http://www.temptalia.com/wp-content/uploads/2013/03/mac_luxenatural004-400x355.jpg", "price": "$22.00", "price_per_ounce": 157.14285714285714}, {"full_text": "Permanent. $22.00/0.14 oz.", "brand": "MAC", "name": "Posh Tone", "url": "http://www.temptalia.com/product/mac-cosmetics-mineralize-rich-lipstick/posh-tone", "review": "A-", "user_rating": "5", "permanence": "P", "rgb": [186, 62, 82], "color_name": "pink", "image_url": "http://www.temptalia.com/wp-content/uploads/2013/03/mac_poshtone004-400x355.jpg", "price": "$22.00", "price_per_ounce": 157.14285714285714}, {"full_text": "Permanent. $22.00/0.14 oz.", "brand": "MAC", "name": "Style Surge", "url": "http://www.temptalia.com/product/mac-cosmetics-mineralize-rich-lipstick/style-surge", "review": "A", "user_rating": "5", "permanence": "P", "rgb": [203, 59, 64], "color_name": "pink", "image_url": "http://www.temptalia.com/wp-content/uploads/2013/03/mac_stylesurge004-400x355.jpg", "price": "$22.00", "price_per_ounce": 157.14285714285714}, {"full_text": "Permanent. $22.00/0.14 oz.", "brand": "MAC", "name": "Divine Choice", "url": "http://www.temptalia.com/product/mac-cosmetics-mineralize-rich-lipstick/divine-choice", "review": "A-", "user_rating": "4", "permanence": "P", "rgb": [188, 105, 67], "color_name": "fuchsia", "image_url": "http://www.temptalia.com/wp-content/uploads/2013/02/mac_divinechoice004-400x355.jpg", "price": "$22.00", "price_per_ounce": 157.14285714285714}, {"full_text": "Permanent. $22.00/0.14 oz.", "brand": "MAC", "name": "Dreaminess", "url": "http://www.temptalia.com/product/mac-cosmetics-mineralize-rich-lipstick/dreaminess", "review": "A-", "user_rating": "5", "permanence": "P", "rgb": [173, 98, 83], "color_name": "nude", "image_url": "http://www.temptalia.com/wp-content/uploads/2013/02/mac_dreaminess004-400x355.jpg", "price": "$22.00", "price_per_ounce": 157.14285714285714}, {"full_text": "Permanent. $22.00/0.14 oz.", "brand": "MAC", "name": "Elegant Accent", "url": "http://www.temptalia.com/product/mac-cosmetics-mineralize-rich-lipstick/elegant-accent", "review": "A", "user_rating": "5", "permanence": "P", "rgb": [191, 59, 47], "color_name": "pink", "image_url": "http://www.temptalia.com/wp-content/uploads/2013/02/mac_elegantaccent004-400x355.jpg", "price": "$22.00", "price_per_ounce": 157.14285714285714}, {"full_text": "Permanent. $22.00/0.14 oz.", "brand": "MAC", "name": "Everyday Diva", "url": "http://www.temptalia.com/product/mac-cosmetics-mineralize-rich-lipstick/everyday-diva", "review": "A", "user_rating": "5", "permanence": "P", "rgb": [183, 19, 12], "color_name": "red", "image_url": "http://www.temptalia.com/wp-content/uploads/2013/02/mac_everydaydiva004-400x355.jpg", "price": "$22.00", "price_per_ounce": 157.14285714285714}, {"full_text": "Permanent. $22.00/0.14 oz.", "brand": "MAC", "name": "Grande Dame", "url": "http://www.temptalia.com/product/mac-cosmetics-mineralize-rich-lipstick/grande-dame", "review": "A-", "user_rating": "2", "permanence": "P", "rgb": [181, 57, 51], "color_name": "pink", "image_url": "http://www.temptalia.com/wp-content/uploads/2013/02/mac_grandedame004-400x355.jpg", "price": "$22.00", "price_per_ounce": 157.14285714285714}, {"full_text": "Permanent. $22.00/0.14 oz.", "brand": "MAC", "name": "Lady at Play", "url": "http://www.temptalia.com/product/mac-cosmetics-mineralize-rich-lipstick/lady-at-play", "review": "A", "user_rating": "4", "permanence": "P", "rgb": [191, 40, 39], "color_name": "pink", "image_url": "http://www.temptalia.com/wp-content/uploads/2013/02/mac_ladyatplay004-400x355.jpg", "price": "$22.00", "price_per_ounce": 157.14285714285714}, {"full_text": "Permanent. $22.00/0.14 oz.", "brand": "MAC", "name": "All Out Gorgeous", "url": "http://www.temptalia.com/product/mac-cosmetics-mineralize-rich-lipstick/all-out-gorgeous", "review": "A-", "user_rating": "5", "permanence": "P", "rgb": [152, 26, 19], "color_name": "red", "image_url": "http://www.temptalia.com/wp-content/uploads/2013/03/mac_alloutgorgeous004-400x355.jpg", "price": "$22.00", "price_per_ounce": 157.14285714285714}, {"full_text": "Limited Edition. $19.00/0.07 oz.", "brand": "MAC", "name": "Unknown Pleasures", "url": "http://www.temptalia.com/product/mac-cosmetics-mattene/unknown-pleasures", "review": "-", "user_rating": "4", "permanence": "LE", "rgb": [50, 5, 4], "color_name": "burgundy", "image_url": "http://www.temptalia.com/wp-content/uploads/2011/09/mac_unknownpleasures003-400x355.jpg", "price": "$19.00", "price_per_ounce": 271.4285714285714}, {"full_text": "Limited Edition. $19.00/0.07 oz.", "brand": "MAC", "name": "Delectable", "url": "http://www.temptalia.com/product/mac-cosmetics-mattene/delectable", "review": "-", "user_rating": "3", "permanence": "LE", "rgb": [169, 51, 68], "color_name": "pink", "image_url": "http://www.temptalia.com/wp-content/uploads/2012/08/mac_delectable004-400x355.jpg", "price": "$19.00", "price_per_ounce": 271.4285714285714}, {"full_text": "Limited Edition. $19.00/0.07 oz.", "brand": "MAC", "name": "Deliciously Forbidden", "url": "http://www.temptalia.com/product/mac-cosmetics-mattene/deliciously-forbidden", "review": "-", "user_rating": "0", "permanence": "LE", "rgb": [82, 12, 5], "color_name": "burgundy", "image_url": "http://www.temptalia.com/wp-content/uploads/2011/09/mac_deliciouslyforbidden003-400x355.jpg", "price": "$19.00", "price_per_ounce": 271.4285714285714}, {"full_text": "Limited Edition. $19.00/0.07 oz.", "brand": "MAC", "name": "Eden Rouge", "url": "http://www.temptalia.com/product/mac-cosmetics-mattene/eden-rouge", "review": "-", "user_rating": "4", "permanence": "LE", "rgb": [131, 12, 9], "color_name": "red", "image_url": "http://www.temptalia.com/wp-content/uploads/2012/08/mac_edenrouge004-400x355.jpg", "price": "$19.00", "price_per_ounce": 271.4285714285714}, {"full_text": "Limited Edition. $19.00/0.07 oz.", "brand": "MAC", "name": "Fashion Nomad", "url": "http://www.temptalia.com/product/mac-cosmetics-mattene/fashion-nomad", "review": "-", "user_rating": "4", "permanence": "LE", "rgb": [170, 13, 28], "color_name": "red", "image_url": "http://www.temptalia.com/wp-content/uploads/2012/08/mac_fashionnomad004-400x355.jpg", "price": "$19.00", "price_per_ounce": 271.4285714285714}, {"full_text": "Limited Edition. $19.00/0.07 oz.", "brand": "MAC", "name": "Fresh Amour", "url": "http://www.temptalia.com/product/mac-cosmetics-mattene/fresh-amour", "review": "-", "user_rating": "0", "permanence": "LE", "rgb": [123, 91, 63], "color_name": "fuchsia", "image_url": "http://www.temptalia.com/wp-content/uploads/2011/09/mac_freshamour003-400x355.jpg", "price": "$19.00", "price_per_ounce": 271.4285714285714}, {"full_text": "Limited Edition. $19.00/0.07 oz.", "brand": "MAC", "name": "Fun Finds", "url": "http://www.temptalia.com/product/mac-cosmetics-mattene/fun-finds", "review": "-", "user_rating": "0", "permanence": "LE", "rgb": [150, 69, 69], "color_name": "nude", "image_url": "http://www.temptalia.com/wp-content/uploads/2012/08/mac_funfinds004-400x355.jpg", "price": "$19.00", "price_per_ounce": 271.4285714285714}, {"full_text": "Limited Edition. $19.00/0.07 oz.", "brand": "MAC", "name": "Legendary", "url": "http://www.temptalia.com/product/mac-cosmetics-mattene/legendary", "review": "-", "user_rating": "5", "permanence": "LE", "rgb": [60, 6, 6], "color_name": "burgundy", "image_url": "http://www.temptalia.com/wp-content/uploads/2011/09/mac_legendary003-400x355.jpg", "price": "$19.00", "price_per_ounce": 271.4285714285714}, {"full_text": "Limited Edition. $19.00/0.07 oz.", "brand": "MAC", "name": "Naked Bliss", "url": "http://www.temptalia.com/product/mac-cosmetics-mattene/naked-bliss", "review": "-", "user_rating": "4", "permanence": "LE", "rgb": [128, 47, 52], "color_name": "red", "image_url": "http://www.temptalia.com/wp-content/uploads/2011/09/mac_nakedbliss003-400x355.jpg", "price": "$19.00", "price_per_ounce": 271.4285714285714}, {"full_text": "Limited Edition. $19.00/0.07 oz.", "brand": "MAC", "name": "Night Blooming", "url": "http://www.temptalia.com/product/mac-cosmetics-mattene/night-blooming", "review": "A", "user_rating": "4", "permanence": "LE", "rgb": [169, 88, 37], "color_name": "fuchsia", "image_url": "http://www.temptalia.com/wp-content/uploads/2012/11/mac_nightblooming004-400x355.jpg", "price": "$19.00", "price_per_ounce": 271.4285714285714}, {"full_text": "Limited Edition. $19.00/0.07 oz.", "brand": "MAC", "name": "Nocturnal Instincts", "url": "http://www.temptalia.com/product/mac-cosmetics-mattene/nocturnal-instincts", "review": "-", "user_rating": "5", "permanence": "LE", "rgb": [146, 84, 64], "color_name": "nude", "image_url": "http://www.temptalia.com/wp-content/uploads/2012/12/mac_nocturnalinstincts004-400x355.jpg", "price": "$19.00", "price_per_ounce": 271.4285714285714}, {"full_text": "Limited Edition. $19.00/0.07 oz.", "brand": "MAC", "name": "Potent Fig", "url": "http://www.temptalia.com/product/mac-cosmetics-mattene/potent-fig", "review": "-", "user_rating": "5", "permanence": "LE", "rgb": [26, 8, 3], "color_name": "burgundy", "image_url": "http://www.temptalia.com/wp-content/uploads/2011/09/mac_potentfig003-400x355.jpg", "price": "$19.00", "price_per_ounce": 271.4285714285714}, {"full_text": "Limited Edition. $19.00/0.07 oz.", "brand": "MAC", "name": "Rare Exotic", "url": "http://www.temptalia.com/product/mac-cosmetics-mattene/rare-exotic", "review": "-", "user_rating": "0", "permanence": "LE", "rgb": [114, 29, 5], "color_name": "red", "image_url": "http://www.temptalia.com/wp-content/uploads/2011/09/mac_rareexotic003-400x355.jpg", "price": "$19.00", "price_per_ounce": 271.4285714285714}, {"full_text": "Limited Edition. $19.00/0.07 oz.", "brand": "MAC", "name": "Seductive Intent", "url": "http://www.temptalia.com/product/mac-cosmetics-mattene/seductive-intent", "review": "-", "user_rating": "0", "permanence": "LE", "rgb": [137, 72, 23], "color_name": "fuchsia", "image_url": "http://www.temptalia.com/wp-content/uploads/2012/12/mac_seductiveintent004-400x355.jpg", "price": "$19.00", "price_per_ounce": 271.4285714285714}, {"full_text": "Limited Edition. $19.00/0.07 oz.", "brand": "MAC", "name": "Camden Chic", "url": "http://www.temptalia.com/product/mac-cosmetics-mattene/camden-chic", "review": "-", "user_rating": "4", "permanence": "LE", "rgb": [107, 15, 17], "color_name": "red", "image_url": "http://www.temptalia.com/wp-content/uploads/2012/08/mac_camdenchic004-400x355.jpg", "price": "$19.00", "price_per_ounce": 271.4285714285714}, {"full_text": "Limited Edition. $22.00/0.15 oz.", "brand": "MAC", "name": "Annelie", "url": "http://www.temptalia.com/product/mac-cosmetics-marcel-wanders-lipstick/annelie", "review": "-", "user_rating": "0", "permanence": "LE", "rgb": [136, 56, 59], "color_name": "nude", "image_url": "http://www.temptalia.com/wp-content/uploads/2012/02/mac_annelie003-400x355.jpg", "price": "$22.00", "price_per_ounce": 146.66666666666669}, {"full_text": "Limited Edition. $22.00/0.15 oz.", "brand": "MAC", "name": "Annemiek", "url": "http://www.temptalia.com/product/mac-cosmetics-marcel-wanders-lipstick/annemiek", "review": "-", "user_rating": "0", "permanence": "LE", "rgb": [147, 79, 72], "color_name": "nude", "image_url": "http://www.temptalia.com/wp-content/uploads/2012/02/mac_annemiek003-400x355.jpg", "price": "$22.00", "price_per_ounce": 146.66666666666669}, {"full_text": "Limited Edition. $22.00/0.15 oz.", "brand": "MAC", "name": "Felicienne", "url": "http://www.temptalia.com/product/mac-cosmetics-marcel-wanders-lipstick/felicienne", "review": "-", "user_rating": "1", "permanence": "LE", "rgb": [122, 50, 45], "color_name": "red", "image_url": "http://www.temptalia.com/wp-content/uploads/2012/02/mac_felicienne003-400x355.jpg", "price": "$22.00", "price_per_ounce": 146.66666666666669}, {"full_text": "Limited Edition. $22.00/0.15 oz.", "brand": "MAC", "name": "Inez", "url": "http://www.temptalia.com/product/mac-cosmetics-marcel-wanders-lipstick/inez", "review": "-", "user_rating": "3", "permanence": "LE", "rgb": [102, 34, 22], "color_name": "red", "image_url": "http://www.temptalia.com/wp-content/uploads/2012/02/mac_inez003-400x355.jpg", "price": "$22.00", "price_per_ounce": 146.66666666666669}, {"full_text": "Permanent. $17.00/0.10 oz.", "brand": "MAC", "name": "Yash", "url": "http://www.temptalia.com/product/mac-cosmetics-lipstick/yash", "review": "-", "user_rating": "4", "permanence": "P", "rgb": [148, 46, 59], "color_name": "red", "image_url": "http://www.temptalia.com/wp-content/uploads/2012/09/mac_yash004-400x355.jpg", "price": "$17.00", "price_per_ounce": 170.0}, {"full_text": "Limited Edition. $17.00/0.10 oz.", "brand": "MAC", "name": "Yung Rapunxel", "url": "http://www.temptalia.com/product/mac-cosmetics-lipstick/yung-rapunxel", "review": "B+", "user_rating": "3", "permanence": "LE", "rgb": [63, 22, 9], "color_name": "burgundy", "image_url": "http://www.temptalia.com/wp-content/uploads/2012/09/mac_yungrapunxel005-400x355.jpg", "price": "$17.00", "price_per_ounce": 170.0}, {"full_text": "Limited Edition. $17.00/0.10 oz.", "brand": "MAC", "name": "Viva Glam Nicki 2", "url": "http://www.temptalia.com/product/mac-cosmetics-lipstick/viva-glam-nicki-2", "review": "-", "user_rating": "4", "permanence": "LE", "rgb": [178, 141, 111], "color_name": "fuchsia", "image_url": "http://www.temptalia.com/wp-content/uploads/2013/02/mac_vivaglamnicki2005-400x355.jpg", "price": "$17.00", "price_per_ounce": 170.0}, {"full_text": "Permanent. $17.00/0.10 oz.", "brand": "MAC", "name": "Viva Glam VI", "url": "http://www.temptalia.com/product/mac-cosmetics-lipstick/viva-glam-vi", "review": "-", "user_rating": "5", "permanence": "P", "rgb": [124, 34, 34], "color_name": "red", "image_url": "http://www.temptalia.com/wp-content/uploads/2011/04/mac_vivaglamvi003-400x355.jpg", "price": "$17.00", "price_per_ounce": 170.0}, {"full_text": "Limited Edition. $17.00/0.10 oz.", "brand": "MAC", "name": "Vivid Imagination", "url": "http://www.temptalia.com/product/mac-cosmetics-lipstick/vivid-imagination", "review": "-", "user_rating": "0", "permanence": "LE", "rgb": [134, 44, 35], "color_name": "red", "image_url": "http://www.temptalia.com/wp-content/uploads/2012/07/mac_illustratedpinklips018-400x355.jpg", "price": "$17.00", "price_per_ounce": 170.0}, {"full_text": "Limited Edition. $17.00/0.10 oz.", "brand": "MAC", "name": "Warm Companion", "url": "http://www.temptalia.com/product/mac-cosmetics-lipstick/warm-companion", "review": "-", "user_rating": "4", "permanence": "LE", "rgb": [160, 67, 77], "color_name": "nude", "image_url": "http://www.temptalia.com/wp-content/uploads/2012/12/mac_warmcompanion004-400x355.jpg", "price": "$17.00", "price_per_ounce": 170.0}, {"full_text": "Limited Edition. $17.00/0.10 oz.", "brand": "MAC", "name": "Watch Me Simmer", "url": "http://www.temptalia.com/product/mac-cosmetics-lipstick/watch-me-simmer", "review": "-", "user_rating": "4", "permanence": "LE", "rgb": [156, 28, 20], "color_name": "red", "image_url": "http://www.temptalia.com/wp-content/uploads/2012/02/mac_watchmesimmer003-400x355.jpg", "price": "$17.00", "price_per_ounce": 170.0}, {"full_text": "Limited Edition. $17.00/0.10 oz.", "brand": "MAC", "name": "What Joy", "url": "http://www.temptalia.com/product/mac-cosmetics-lipstick/what-joy", "review": "-", "user_rating": "0", "permanence": "LE", "rgb": [75, 7, 1], "color_name": "burgundy", "image_url": "http://www.temptalia.com/wp-content/uploads/2011/10/mac_holidaylipsticks019-400x355.jpg", "price": "$17.00", "price_per_ounce": 170.0}, {"full_text": "Limited Edition. $17.00/0.10 oz.", "brand": "MAC", "name": "Whirls & Twirls", "url": "http://www.temptalia.com/product/mac-cosmetics-lipstick/whirls-twirls", "review": "-", "user_rating": "0", "permanence": "LE", "rgb": [130, 56, 53], "color_name": "nude", "image_url": "http://www.temptalia.com/wp-content/uploads/2011/10/mac_holidaylipsticks023-400x355.jpg", "price": "$17.00", "price_per_ounce": 170.0}, {"full_text": "Limited Edition. $17.00/0.10 oz.", "brand": "MAC", "name": "Wholesome", "url": "http://www.temptalia.com/product/mac-cosmetics-lipstick/wholesome", "review": "-", "user_rating": "5", "permanence": "LE", "rgb": [197, 72, 97], "color_name": "orange", "image_url": "http://www.temptalia.com/wp-content/uploads/2013/04/mac_wholesome004-400x355.jpg", "price": "$17.00", "price_per_ounce": 170.0}, {"full_text": "Permanent. $17.00/0.10 oz.", "brand": "MAC", "name": "Velvet Teddy", "url": "http://www.temptalia.com/product/mac-cosmetics-lipstick/velvet-teddy", "review": "A-", "user_rating": "4", "permanence": "P", "rgb": [194, 86, 99], "color_name": "pink", "image_url": "http://www.temptalia.com/wp-content/uploads/2015/05/mac_velvetteddy004-400x355.jpg", "price": "$17.00", "price_per_ounce": 170.0}, {"full_text": "Limited Edition. $17.00/0.10 oz.", "brand": "MAC", "name": "Venus", "url": "http://www.temptalia.com/product/mac-cosmetics-lipstick/venus", "review": "-", "user_rating": "4", "permanence": "LE", "rgb": [141, 43, 33], "color_name": "red", "image_url": "http://www.temptalia.com/wp-content/uploads/2012/06/mac_venus004-400x355.jpg", "price": "$17.00", "price_per_ounce": 170.0}, {"full_text": "Permanent. $17.00/0.10 oz.", "brand": "MAC", "name": "Violetta", "url": "http://www.temptalia.com/product/mac-cosmetics-lipstick/violetta", "review": "B+", "user_rating": "4", "permanence": "P", "rgb": [129, 65, 17], "color_name": "fuchsia", "image_url": "http://www.temptalia.com/wp-content/uploads/2013/08/mac_antoniofuchsiapalette020-400x355.jpg", "price": "$17.00", "price_per_ounce": 170.0}, {"full_text": "Permanent. $17.00/0.10 oz.", "brand": "MAC", "name": "Viva Glam I", "url": "http://www.temptalia.com/product/mac-cosmetics-lipstick/viva-glam-i", "review": "A", "user_rating": "4", "permanence": "P", "rgb": [147, 15, 15], "color_name": "red", "image_url": "http://www.temptalia.com/wp-content/uploads/2013/10/mac_strokeofmidnightvivaglam012-400x355.jpg", "price": "$17.00", "price_per_ounce": 170.0}, {"full_text": "Limited Edition. $17.00/0.10 oz.", "brand": "MAC", "name": "Viva Glam Nicki", "url": "http://www.temptalia.com/product/mac-cosmetics-lipstick/viva-glam-nicki", "review": "-", "user_rating": "4", "permanence": "LE", "rgb": [147, 56, 33], "color_name": "red", "image_url": "http://www.temptalia.com/wp-content/uploads/2012/02/mac_vivaglam006-400x355.jpg", "price": "$17.00", "price_per_ounce": 170.0}, {"full_text": "Permanent. $17.00/0.10 oz.", "brand": "MAC", "name": "Up the Amp", "url": "http://www.temptalia.com/product/mac-cosmetics-lipstick/up-the-amp", "review": "A", "user_rating": "4", "permanence": "P", "rgb": [195, 136, 80], "color_name": "fuchsia", "image_url": "http://www.temptalia.com/wp-content/uploads/2014/07/mac_allaboutplumbox031-400x355.jpg", "price": "$17.00", "price_per_ounce": 170.0}, {"full_text": "Limited Edition. $17.00/0.10 oz.", "brand": "MAC", "name": "Tropical Mist", "url": "http://www.temptalia.com/product/mac-cosmetics-lipstick/tropical-mist", "review": "B-", "user_rating": "0", "permanence": "LE", "rgb": [122, 34, 38], "color_name": "red", "image_url": "http://www.temptalia.com/wp-content/uploads/2012/08/mac_tropicalmist004-400x355.jpg", "price": "$17.00", "price_per_ounce": 170.0}, {"full_text": "Limited Edition. $17.00/0.10 oz.", "brand": "MAC", "name": "To Catch a Sailor", "url": "http://www.temptalia.com/product/mac-cosmetics-lipstick/to-catch-a-sailor", "review": "-", "user_rating": "3", "permanence": "LE", "rgb": [144, 58, 65], "color_name": "nude", "image_url": "http://www.temptalia.com/wp-content/uploads/2012/05/mac_tocatchasailor004-400x355.jpg", "price": "$17.00", "price_per_ounce": 170.0}, {"full_text": "Limited Edition. $17.00/0.10 oz.", "brand": "MAC", "name": "Toxic Tale", "url": "http://www.temptalia.com/product/mac-cosmetics-lipstick/toxic-tale", "review": "A", "user_rating": "4", "permanence": "LE", "rgb": [231, 56, 47], "color_name": "pink", "image_url": "http://www.temptalia.com/wp-content/uploads/2014/12/mac_toxictale004-400x355.jpg", "price": "$17.00", "price_per_ounce": 170.0}, {"full_text": "Permanent. $17.00/0.10 oz.", "brand": "MAC", "name": "Tabla", "url": "http://www.temptalia.com/product/mac-cosmetics-lipstick/tabla", "review": "-", "user_rating": "3", "permanence": "P", "rgb": [99, 6, 16], "color_name": "red", "image_url": "http://www.temptalia.com/wp-content/uploads/2012/09/mac_tabla004-400x355.jpg", "price": "$17.00", "price_per_ounce": 170.0}, {"full_text": "Limited Edition. $17.00/0.10 oz.", "brand": "MAC", "name": "Sunny Seoul", "url": "http://www.temptalia.com/product/mac-cosmetics-lipstick/sunny-seoul", "review": "-", "user_rating": "3", "permanence": "LE", "rgb": [156, 55, 46], "color_name": "red", "image_url": "http://www.temptalia.com/wp-content/uploads/2012/08/mac_sunnyseoul004-400x355.jpg", "price": "$17.00", "price_per_ounce": 170.0}, {"full_text": "Limited Edition. $17.00/0.10 oz.", "brand": "MAC", "name": "Strong Woman", "url": "http://www.temptalia.com/product/mac-cosmetics-lipstick/strong-woman", "review": "-", "user_rating": "3", "permanence": "LE", "rgb": [84, 43, 12], "color_name": "plum", "image_url": "http://www.temptalia.com/wp-content/uploads/2013/01/mac_strongwoman004-400x355.jpg", "price": "$17.00", "price_per_ounce": 170.0}, {"full_text": "Limited Edition. $17.00/0.10 oz.", "brand": "MAC", "name": "Subverted", "url": "http://www.temptalia.com/product/mac-cosmetics-lipstick/subverted", "review": "-", "user_rating": "0", "permanence": "LE", "rgb": [92, 7, 10], "color_name": "burgundy", "image_url": "http://www.temptalia.com/wp-content/uploads/2013/04/mac_subverted004-400x355.jpg", "price": "$17.00", "price_per_ounce": 170.0}, {"full_text": "Limited Edition. $17.00/0.10 oz.", "brand": "MAC", "name": "Such Flare", "url": "http://www.temptalia.com/product/mac-cosmetics-lipstick/such-flare", "review": "-", "user_rating": "4", "permanence": "LE", "rgb": [90, 6, 6], "color_name": "burgundy", "image_url": "http://www.temptalia.com/wp-content/uploads/2011/10/mac_holidaylipsticks015-400x355.jpg", "price": "$17.00", "price_per_ounce": 170.0}, {"full_text": "Permanent. $17.00/0.10 oz.", "brand": "MAC", "name": "Speak Louder", "url": "http://www.temptalia.com/product/mac-cosmetics-lipstick/speak-louder", "review": "-", "user_rating": "4", "permanence": "P", "rgb": [135, 37, 20], "color_name": "red", "image_url": "http://www.temptalia.com/wp-content/uploads/2012/05/mac_speaklouder003-400x355.jpg", "price": "$17.00", "price_per_ounce": 170.0}, {"full_text": "Limited Edition. $17.00/0.10 oz.", "brand": "MAC", "name": "Spice", "url": "http://www.temptalia.com/product/mac-cosmetics-lipstick/spice", "review": "-", "user_rating": "0", "permanence": "LE", "rgb": [134, 42, 42], "color_name": "red", "image_url": "http://www.temptalia.com/wp-content/uploads/2012/04/mac_spicelipstick004-400x355.jpg", "price": "$17.00", "price_per_ounce": 170.0}, {"full_text": "Limited Edition. $17.00/0.10 oz.", "brand": "MAC", "name": "Soft Sable", "url": "http://www.temptalia.com/product/mac-cosmetics-lipstick/soft-sable", "review": "-", "user_rating": "0", "permanence": "LE", "rgb": [111, 47, 50], "color_name": "nude", "image_url": "http://www.temptalia.com/wp-content/uploads/2011/10/mac_holidaylipsticks011-400x355.jpg", "price": "$17.00", "price_per_ounce": 170.0}, {"full_text": "Limited Edition. $17.00/0.10 oz.", "brand": "MAC", "name": "Sounds Like Noise", "url": "http://www.temptalia.com/product/mac-cosmetics-lipstick/sounds-like-noise", "review": "A", "user_rating": "4", "permanence": "LE", "rgb": [219, 22, 61], "color_name": "orange", "image_url": "http://www.temptalia.com/wp-content/uploads/2013/04/mac_soundslikenoise004-400x355.jpg", "price": "$17.00", "price_per_ounce": 170.0}, {"full_text": "Limited Edition. $17.00/0.10 oz.", "brand": "MAC", "name": "Shanghai Spice", "url": "http://www.temptalia.com/product/mac-cosmetics-lipstick/shanghai-spice", "review": "-", "user_rating": "4", "permanence": "LE", "rgb": [150, 47, 49], "color_name": "red", "image_url": "http://www.temptalia.com/wp-content/uploads/2012/08/mac_shanghaispice004-400x355.jpg", "price": "$17.00", "price_per_ounce": 170.0}, {"full_text": "Permanent. $17.00/0.10 oz.", "brand": "MAC", "name": "Sheer Plum", "url": "http://www.temptalia.com/product/mac-cosmetics-lipstick/sheer-plum", "review": "-", "user_rating": "1", "permanence": "P", "rgb": [104, 23, 23], "color_name": "red", "image_url": "http://www.temptalia.com/wp-content/uploads/2011/06/mac_sheerplum003-400x355.jpg", "price": "$17.00", "price_per_ounce": 170.0}, {"full_text": "Limited Edition. $17.00/0.10 oz.", "brand": "MAC", "name": "Shitaki", "url": "http://www.temptalia.com/product/mac-cosmetics-lipstick/shitaki", "review": "-", "user_rating": "3", "permanence": "LE", "rgb": [203, 129, 151], "color_name": "nude", "image_url": "http://www.temptalia.com/wp-content/uploads/2012/03/mac_shitaki002-400x355.jpg", "price": "$17.00", "price_per_ounce": 170.0}, {"full_text": "Permanent. $17.00/0.10 oz.", "brand": "MAC", "name": "Show Orchid", "url": "http://www.temptalia.com/product/mac-cosmetics-lipstick/show-orchid", "review": "-", "user_rating": "4", "permanence": "P", "rgb": [109, 31, 9], "color_name": "red", "image_url": "http://www.temptalia.com/wp-content/uploads/2011/09/mac_showorchid003-400x355.jpg", "price": "$17.00", "price_per_ounce": 170.0}, {"full_text": "Limited Edition. $17.00/0.10 oz.", "brand": "MAC", "name": "Show-All", "url": "http://www.temptalia.com/product/mac-cosmetics-lipstick/show-all", "review": "-", "user_rating": "3", "permanence": "LE", "rgb": [119, 11, 12], "color_name": "red", "image_url": "http://www.temptalia.com/wp-content/uploads/2013/04/mac_showall004-400x355.jpg", "price": "$17.00", "price_per_ounce": 170.0}, {"full_text": "Permanent. $17.00/0.10 oz.", "brand": "MAC", "name": "Shy Girl", "url": "http://www.temptalia.com/product/mac-cosmetics-lipstick/shy-girl", "review": "-", "user_rating": "4", "permanence": "P", "rgb": [177, 69, 80], "color_name": "nude", "image_url": "http://www.temptalia.com/wp-content/uploads/2012/10/mac_lavishcoralbag004-400x355.jpg", "price": "$17.00", "price_per_ounce": 170.0}, {"full_text": "Permanent. $17.00/0.10 oz.", "brand": "MAC", "name": "Shy Shine", "url": "http://www.temptalia.com/product/mac-cosmetics-lipstick/shy-shine", "review": "B", "user_rating": "0", "permanence": "P", "rgb": [206, 93, 95], "color_name": "pink", "image_url": "http://www.temptalia.com/wp-content/uploads/2014/04/mac_shyshine004-400x355.jpg", "price": "$17.00", "price_per_ounce": 170.0}, {"full_text": "Limited Edition. $17.00/0.10 oz.", "brand": "MAC", "name": "Silly", "url": "http://www.temptalia.com/product/mac-cosmetics-lipstick/silly", "review": "A-", "user_rating": "4", "permanence": "LE", "rgb": [230, 135, 93], "color_name": "fuchsia", "image_url": "http://www.temptalia.com/wp-content/uploads/2015/03/mac_silly004-400x355.jpg", "price": "$17.00", "price_per_ounce": 170.0}, {"full_text": "Permanent. $17.00/0.10 oz.", "brand": "MAC", "name": "Sin", "url": "http://www.temptalia.com/product/mac-cosmetics-lipstick/sin", "review": "B", "user_rating": "4", "permanence": "P", "rgb": [82, 12, 5], "color_name": "burgundy", "image_url": "http://www.temptalia.com/wp-content/uploads/2014/09/mac_sin004-400x355.jpg", "price": "$17.00", "price_per_ounce": 170.0}, {"full_text": "Limited Edition. $17.00/0.10 oz.", "brand": "MAC", "name": "Smash Hit", "url": "http://www.temptalia.com/product/mac-cosmetics-lipstick/smash-hit", "review": "C", "user_rating": "4", "permanence": "LE", "rgb": [181, 69, 77], "color_name": "nude", "image_url": "http://www.temptalia.com/wp-content/uploads/2013/08/mac_smashhit004-400x355.jpg", "price": "$17.00", "price_per_ounce": 170.0}, {"full_text": "Limited Edition. $17.00/0.10 oz.", "brand": "MAC", "name": "Smoked Purple", "url": "http://www.temptalia.com/product/mac-cosmetics-lipstick/smoked-purple", "review": "-", "user_rating": "3", "permanence": "LE", "rgb": [37, 9, 2], "color_name": "burgundy", "image_url": "http://www.temptalia.com/wp-content/uploads/2011/08/mac_smokedpurple003-400x355.jpg", "price": "$17.00", "price_per_ounce": 170.0}, {"full_text": "Permanent. $17.00/0.10 oz.", "brand": "MAC", "name": "Snob", "url": "http://www.temptalia.com/product/mac-cosmetics-lipstick/snob", "review": "-", "user_rating": "3", "permanence": "P", "rgb": [148, 94, 66], "color_name": "fuchsia", "image_url": "http://www.temptalia.com/wp-content/uploads/2012/04/mac_snoblipstick004-400x355.jpg", "price": "$17.00", "price_per_ounce": 170.0}, {"full_text": "Limited Edition. $17.00/0.10 oz.", "brand": "MAC", "name": "Salute", "url": "http://www.temptalia.com/product/mac-cosmetics-lipstick/salute", "review": "-", "user_rating": "0", "permanence": "LE", "rgb": [167, 68, 91], "color_name": "nude", "image_url": "http://www.temptalia.com/wp-content/uploads/2012/05/mac_salute004-400x355.jpg", "price": "$17.00", "price_per_ounce": 170.0}, {"full_text": "Limited Edition. $17.00/0.10 oz.", "brand": "MAC", "name": "Scarlet Ibis", "url": "http://www.temptalia.com/product/mac-cosmetics-lipstick/scarlet-ibis", "review": "A", "user_rating": "4", "permanence": "LE", "rgb": [199, 12, 15], "color_name": "pink", "image_url": "http://www.temptalia.com/wp-content/uploads/2013/08/mac_antonioredpalette007-400x355.jpg", "price": "$17.00", "price_per_ounce": 170.0}, {"full_text": "Limited Edition. $17.00/0.10 oz.", "brand": "MAC", "name": "Secret Lover", "url": "http://www.temptalia.com/product/mac-cosmetics-lipstick/secret-lover", "review": "-", "user_rating": "0", "permanence": "LE", "rgb": [121, 51, 46], "color_name": "nude", "image_url": "http://www.temptalia.com/wp-content/uploads/2011/08/mac_secretlover003-400x355.jpg", "price": "$17.00", "price_per_ounce": 170.0}, {"full_text": "Limited Edition. $17.00/0.10 oz.", "brand": "MAC", "name": "Saigon Summer", "url": "http://www.temptalia.com/product/mac-cosmetics-lipstick/saigon-summer", "review": "-", "user_rating": "4", "permanence": "LE", "rgb": [136, 24, 32], "color_name": "red", "image_url": "http://www.temptalia.com/wp-content/uploads/2012/08/mac_saigonsummer004-400x355.jpg", "price": "$17.00", "price_per_ounce": 170.0}, {"full_text": "Limited Edition. $17.00/0.10 oz.", "brand": "MAC", "name": "Sail La Vie", "url": "http://www.temptalia.com/product/mac-cosmetics-lipstick/sail-la-vie", "review": "-", "user_rating": "2", "permanence": "LE", "rgb": [166, 17, 22], "color_name": "red", "image_url": "http://www.temptalia.com/wp-content/uploads/2012/05/mac_saillavie004-400x355.jpg", "price": "$17.00", "price_per_ounce": 170.0}, {"full_text": "Limited Edition. $17.00/0.10 oz.", "brand": "MAC", "name": "Saint Germain", "url": "http://www.temptalia.com/product/mac-cosmetics-lipstick/saint-germain", "review": "-", "user_rating": "3", "permanence": "LE", "rgb": [161, 120, 66], "color_name": "purple", "image_url": "http://www.temptalia.com/wp-content/uploads/2012/04/mac_saintgermainlipstick004-400x355.jpg", "price": "$17.00", "price_per_ounce": 170.0}, {"full_text": "Permanent. $17.00/0.10 oz.", "brand": "MAC", "name": "Ruby Woo", "url": "http://www.temptalia.com/product/mac-cosmetics-lipstick/ruby-woo", "review": "B", "user_rating": "4", "permanence": "P", "rgb": [181, 12, 3], "color_name": "red", "image_url": "http://www.temptalia.com/wp-content/uploads/2014/10/mac_keepsakesredlipbag008-400x355.jpg", "price": "$17.00", "price_per_ounce": 170.0}, {"full_text": "Limited Edition. $17.00/0.10 oz.", "brand": "MAC", "name": "Ruffian Gold", "url": "http://www.temptalia.com/product/mac-cosmetics-lipstick/ruffian-gold", "review": "-", "user_rating": "0", "permanence": "LE", "rgb": [140, 44, 49], "color_name": "red", "image_url": "http://www.temptalia.com/wp-content/uploads/2012/06/mac_ruffiangold004-400x355.jpg", "price": "$17.00", "price_per_ounce": 170.0}, {"full_text": "Limited Edition. $17.00/0.10 oz.", "brand": "MAC", "name": "Ruffian Naked", "url": "http://www.temptalia.com/product/mac-cosmetics-lipstick/ruffian-naked", "review": "-", "user_rating": "3", "permanence": "LE", "rgb": [147, 78, 80], "color_name": "nude", "image_url": "http://www.temptalia.com/wp-content/uploads/2012/06/mac_ruffiannaked004-400x355.jpg", "price": "$17.00", "price_per_ounce": 170.0}, {"full_text": "Limited Edition. $17.00/0.10 oz.", "brand": "MAC", "name": "Ruffian Red", "url": "http://www.temptalia.com/product/mac-cosmetics-lipstick/ruffian-red", "review": "-", "user_rating": "4", "permanence": "LE", "rgb": [137, 4, 5], "color_name": "red", "image_url": "http://www.temptalia.com/wp-content/uploads/2012/06/mac_ruffiangoldred001-400x355.jpg", "price": "$17.00", "price_per_ounce": 170.0}, {"full_text": "Limited Edition. $17.00/0.10 oz.", "brand": "MAC", "name": "Runaway Red", "url": "http://www.temptalia.com/product/mac-cosmetics-lipstick/runaway-red", "review": "-", "user_rating": "4", "permanence": "LE", "rgb": [107, 9, 6], "color_name": "red", "image_url": "http://www.temptalia.com/wp-content/uploads/2012/12/mac_makingprettylipstick006-400x355.jpg", "price": "$17.00", "price_per_ounce": 170.0}, {"full_text": "Permanent. $17.00/0.10 oz.", "brand": "MAC", "name": "Russian Red", "url": "http://www.temptalia.com/product/mac-cosmetics-lipstick/russian-red", "review": "-", "user_rating": "4", "permanence": "P", "rgb": [106, 2, 1], "color_name": "red", "image_url": "http://www.temptalia.com/wp-content/uploads/2012/04/mac_russianredlipstick004-400x355.jpg", "price": "$17.00", "price_per_ounce": 170.0}, {"full_text": "Limited Edition. $17.00/0.10 oz.", "brand": "MAC", "name": "Rocker", "url": "http://www.temptalia.com/product/mac-cosmetics-lipstick/rocker", "review": "-", "user_rating": "3", "permanence": "LE", "rgb": [201, 122, 124], "color_name": "nude", "image_url": "http://www.temptalia.com/wp-content/uploads/2012/03/mac_rocker002-400x355.jpg", "price": "$17.00", "price_per_ounce": 170.0}, {"full_text": "Limited Edition. $17.00/0.10 oz.", "brand": "MAC", "name": "Ronnie Red", "url": "http://www.temptalia.com/product/mac-cosmetics-lipstick/ronnie-red", "review": "A+", "user_rating": "4", "permanence": "LE", "rgb": [136, 11, 2], "color_name": "red", "image_url": "http://www.temptalia.com/wp-content/uploads/2013/02/mac_ronniered004-400x355.jpg", "price": "$17.00", "price_per_ounce": 170.0}, {"full_text": "Limited Edition. $17.00/0.10 oz.", "brand": "MAC", "name": "Red Racer", "url": "http://www.temptalia.com/product/mac-cosmetics-lipstick/red-racer", "review": "-", "user_rating": "3", "permanence": "LE", "rgb": [133, 17, 11], "color_name": "red", "image_url": "http://www.temptalia.com/wp-content/uploads/2012/05/mac_redracer004-400x355.jpg", "price": "$17.00", "price_per_ounce": 170.0}, {"full_text": "Limited Edition. $17.00/0.10 oz.", "brand": "MAC", "name": "Reel Sexy", "url": "http://www.temptalia.com/product/mac-cosmetics-lipstick/reel-sexy", "review": "B+", "user_rating": "2", "permanence": "LE", "rgb": [221, 98, 105], "color_name": "pink", "image_url": "http://www.temptalia.com/wp-content/uploads/2015/03/mac_reelsexy004-400x355.jpg", "price": "$17.00", "price_per_ounce": 170.0}, {"full_text": "Limited Edition. $17.00/0.10 oz.", "brand": "MAC", "name": "Restrict", "url": "http://www.temptalia.com/product/mac-cosmetics-lipstick/restrict", "review": "-", "user_rating": "0", "permanence": "LE", "rgb": [114, 50, 48], "color_name": "nude", "image_url": "http://www.temptalia.com/wp-content/uploads/2011/11/mac_garethlipsticks007-400x355.jpg", "price": "$17.00", "price_per_ounce": 170.0}, {"full_text": "Limited Edition. $17.00/0.10 oz.", "brand": "MAC", "name": "Real Doll", "url": "http://www.temptalia.com/product/mac-cosmetics-lipstick/real-doll", "review": "C", "user_rating": "5", "permanence": "LE", "rgb": [206, 124, 113], "color_name": "pink", "image_url": "http://www.temptalia.com/wp-content/uploads/2015/03/mac_realdoll004-400x355.jpg", "price": "$17.00", "price_per_ounce": 170.0}, {"full_text": "Limited Edition. $17.00/0.10 oz.", "brand": "MAC", "name": "Pure Decoration", "url": "http://www.temptalia.com/product/mac-cosmetics-lipstick/pure-decoration", "review": "B-", "user_rating": "3", "permanence": "LE", "rgb": [179, 71, 93], "color_name": "nude", "image_url": "http://www.temptalia.com/wp-content/uploads/2013/04/mac_puredecoration004-400x355.jpg", "price": "$17.00", "price_per_ounce": 170.0}, {"full_text": "Limited Edition. $17.00/0.10 oz.", "brand": "MAC", "name": "Pure Zen", "url": "http://www.temptalia.com/product/mac-cosmetics-lipstick/pure-zen", "review": "-", "user_rating": "4", "permanence": "LE", "rgb": [158, 65, 64], "color_name": "nude", "image_url": "http://www.temptalia.com/wp-content/uploads/2012/09/mac_purezenmm004-400x355.jpg", "price": "$17.00", "price_per_ounce": 170.0}, {"full_text": "Limited Edition. $17.00/0.10 oz.", "brand": "MAC", "name": "Quick Sizzle", "url": "http://www.temptalia.com/product/mac-cosmetics-lipstick/quick-sizzle", "review": "-", "user_rating": "4", "permanence": "LE", "rgb": [154, 51, 14], "color_name": "fuchsia", "image_url": "http://www.temptalia.com/wp-content/uploads/2012/02/mac_quicksizzle003-400x355.jpg", "price": "$17.00", "price_per_ounce": 170.0}, {"full_text": "Permanent. $17.00/0.10 oz.", "brand": "MAC", "name": "Ravishing", "url": "http://www.temptalia.com/product/mac-cosmetics-lipstick/ravishing", "review": "-", "user_rating": "4", "permanence": "P", "rgb": [157, 34, 37], "color_name": "red", "image_url": "http://www.temptalia.com/wp-content/uploads/2012/04/mac_ravishinglipstick004-400x355.jpg", "price": "$17.00", "price_per_ounce": 170.0}, {"full_text": "Permanent. $17.00/0.10 oz.", "brand": "MAC", "name": "Razzledazzler", "url": "http://www.temptalia.com/product/mac-cosmetics-lipstick/razzledazzler", "review": "B-", "user_rating": "3", "permanence": "P", "rgb": [192, 67, 74], "color_name": "pink", "image_url": "http://www.temptalia.com/wp-content/uploads/2013/05/mac_razzledazzler004-400x355.jpg", "price": "$17.00", "price_per_ounce": 170.0}, {"full_text": "Limited Edition. $17.00/0.10 oz.", "brand": "MAC", "name": "Pre-Raphaelite", "url": "http://www.temptalia.com/product/mac-cosmetics-lipstick/pre-raphaelite", "review": "-", "user_rating": "0", "permanence": "LE", "rgb": [107, 15, 15], "color_name": "red", "image_url": "http://www.temptalia.com/wp-content/uploads/2013/04/mac_preraphaelite004-400x355.jpg", "price": "$17.00", "price_per_ounce": 170.0}, {"full_text": "Limited Edition. $17.00/0.10 oz.", "brand": "MAC", "name": "Prince Noir", "url": "http://www.temptalia.com/product/mac-cosmetics-lipstick/prince-noir", "review": "-", "user_rating": "4", "permanence": "LE", "rgb": [31, 1, 0], "color_name": "burgundy", "image_url": "http://www.temptalia.com/wp-content/uploads/2011/08/mac_princenoir003-400x355.jpg", "price": "$17.00", "price_per_ounce": 170.0}, {"full_text": "Permanent. $17.00/0.10 oz.", "brand": "MAC", "name": "Please Me", "url": "http://www.temptalia.com/product/mac-cosmetics-lipstick/please-me", "review": "A", "user_rating": "4", "permanence": "P", "rgb": [211, 112, 101], "color_name": "pink", "image_url": "http://www.temptalia.com/wp-content/uploads/2015/05/mac_pleaseme004-400x355.jpg", "price": "$17.00", "price_per_ounce": 170.0}, {"full_text": "Limited Edition. $17.00/0.10 oz.", "brand": "MAC", "name": "Pleasureseeker", "url": "http://www.temptalia.com/product/mac-cosmetics-lipstick/pleasureseeker", "review": "-", "user_rating": "0", "permanence": "LE", "rgb": [140, 46, 46], "color_name": "red", "image_url": "http://www.temptalia.com/wp-content/uploads/2012/06/mac_pleasureseeker004-400x355.jpg", "price": "$17.00", "price_per_ounce": 170.0}, {"full_text": "Limited Edition. $17.00/0.10 oz.", "brand": "MAC", "name": "Plum Bright", "url": "http://www.temptalia.com/product/mac-cosmetics-lipstick/plum-bright", "review": "-", "user_rating": "4", "permanence": "LE", "rgb": [62, 15, 7], "color_name": "burgundy", "image_url": "http://www.temptalia.com/wp-content/uploads/2011/09/mac_plumbright003-400x355.jpg", "price": "$17.00", "price_per_ounce": 170.0}, {"full_text": "Permanent. $17.00/0.10 oz.", "brand": "MAC", "name": "Plumful", "url": "http://www.temptalia.com/product/mac-cosmetics-lipstick/plumful", "review": "B+", "user_rating": "4", "permanence": "P", "rgb": [154, 58, 40], "color_name": "red", "image_url": "http://www.temptalia.com/wp-content/uploads/2013/02/mac_plumful005-400x355.jpg", "price": "$17.00", "price_per_ounce": 170.0}, {"full_text": "Permanent. $17.00/0.10 oz.", "brand": "MAC", "name": "Peachstock", "url": "http://www.temptalia.com/product/mac-cosmetics-lipstick/peachstock", "review": "-", "user_rating": "5", "permanence": "P", "rgb": [166, 78, 90], "color_name": "nude", "image_url": "http://www.temptalia.com/wp-content/uploads/2012/04/mac_peachstocklipstick004-400x355.jpg", "price": "$17.00", "price_per_ounce": 170.0}, {"full_text": "Limited Edition. $17.00/0.10 oz.", "brand": "MAC", "name": "Pillow Talk", "url": "http://www.temptalia.com/product/mac-cosmetics-lipstick/pillow-talk", "review": "B+", "user_rating": "3", "permanence": "LE", "rgb": [184, 70, 86], "color_name": "nude", "image_url": "http://www.temptalia.com/wp-content/uploads/2015/08/mac_pillowtalk004-400x355.jpg", "price": "$17.00", "price_per_ounce": 170.0}, {"full_text": "Permanent. $17.00/0.10 oz.", "brand": "MAC", "name": "Pink Nouveau", "url": "http://www.temptalia.com/product/mac-cosmetics-lipstick/pink-nouveau", "review": "-", "user_rating": "4", "permanence": "P", "rgb": [159, 95, 48], "color_name": "fuchsia", "image_url": "http://www.temptalia.com/wp-content/uploads/2012/04/mac_pinknouveaulipstick004-400x355.jpg", "price": "$17.00", "price_per_ounce": 170.0}, {"full_text": "Limited Edition. $17.00/0.10 oz.", "brand": "MAC", "name": "Pink Pearl Pop", "url": "http://www.temptalia.com/product/mac-cosmetics-lipstick/pink-pearl-pop", "review": "-", "user_rating": "3", "permanence": "LE", "rgb": [145, 49, 40], "color_name": "red", "image_url": "http://www.temptalia.com/wp-content/uploads/2012/08/mac_pinkpearlpop004-400x355.jpg", "price": "$17.00", "price_per_ounce": 170.0}, {"full_text": "Permanent. $17.00/0.10 oz.", "brand": "MAC", "name": "Pink Pigeon", "url": "http://www.temptalia.com/product/mac-cosmetics-lipstick/pink-pigeon", "review": "A", "user_rating": "4", "permanence": "P", "rgb": [176, 71, 20], "color_name": "fuchsia", "image_url": "http://www.temptalia.com/wp-content/uploads/2013/01/mac_pinkpigeon004-400x355.jpg", "price": "$17.00", "price_per_ounce": 170.0}, {"full_text": "Limited Edition. $17.00/0.10 oz.", "brand": "MAC", "name": "Pink Popcorn", "url": "http://www.temptalia.com/product/mac-cosmetics-lipstick/pink-popcorn", "review": "B+", "user_rating": "4", "permanence": "LE", "rgb": [162, 89, 56], "color_name": "fuchsia", "image_url": "http://www.temptalia.com/wp-content/uploads/2012/03/mac_pinkpopcorn003-400x355.jpg", "price": "$17.00", "price_per_ounce": 170.0}, {"full_text": "Limited Edition. $17.00/0.10 oz.", "brand": "MAC", "name": "Party Parrot", "url": "http://www.temptalia.com/product/mac-cosmetics-lipstick/party-parrot", "review": "-", "user_rating": "4", "permanence": "LE", "rgb": [128, 18, 10], "color_name": "red", "image_url": "http://www.temptalia.com/wp-content/uploads/2013/01/mac_partyparrot004-400x355.jpg", "price": "$17.00", "price_per_ounce": 170.0}, {"full_text": "Limited Edition. $17.00/0.10 oz.", "brand": "MAC", "name": "Peach Blossom", "url": "http://www.temptalia.com/product/mac-cosmetics-lipstick/peach-blossom", "review": "-", "user_rating": "4", "permanence": "LE", "rgb": [139, 50, 47], "color_name": "red", "image_url": "http://www.temptalia.com/wp-content/uploads/2012/08/mac_peachblossom004-400x355.jpg", "price": "$17.00", "price_per_ounce": 170.0}, {"full_text": "Limited Edition. $17.00/0.10 oz.", "brand": "MAC", "name": "Outrageously Fun", "url": "http://www.temptalia.com/product/mac-cosmetics-lipstick/outrageously-fun", "review": "-", "user_rating": "5", "permanence": "LE", "rgb": [167, 82, 40], "color_name": "fuchsia", "image_url": "http://www.temptalia.com/wp-content/uploads/2012/10/mac_outrageouslyfun004-400x355.jpg", "price": "$17.00", "price_per_ounce": 170.0}, {"full_text": "Limited Edition. $17.00/0.10 oz.", "brand": "MAC", "name": "Offshoot", "url": "http://www.temptalia.com/product/mac-cosmetics-lipstick/offshoot", "review": "-", "user_rating": "5", "permanence": "LE", "rgb": [91, 18, 7], "color_name": "burgundy", "image_url": "http://www.temptalia.com/wp-content/uploads/2011/08/mac_offshoot003-400x355.jpg", "price": "$17.00", "price_per_ounce": 170.0}, {"full_text": "Limited Edition. $17.00/0.10 oz.", "brand": "MAC", "name": "Oh, Oh, Oh", "url": "http://www.temptalia.com/product/mac-cosmetics-lipstick/oh-oh-oh", "review": "-", "user_rating": "3", "permanence": "LE", "rgb": [111, 27, 18], "color_name": "red", "image_url": "http://www.temptalia.com/wp-content/uploads/2011/08/mac_ohohoh003-400x355.jpg", "price": "$17.00", "price_per_ounce": 170.0}, {"full_text": "Limited Edition. $17.00/0.10 oz.", "brand": "MAC", "name": "One of a Kind", "url": "http://www.temptalia.com/product/mac-cosmetics-lipstick/one-of-a-kind", "review": "-", "user_rating": "4", "permanence": "LE", "rgb": [89, 22, 14], "color_name": "red", "image_url": "http://www.temptalia.com/wp-content/uploads/2011/06/mac_semipreciouslipsticks014-400x355.jpg", "price": "$17.00", "price_per_ounce": 170.0}, {"full_text": "Permanent. $17.00/0.10 oz.", "brand": "MAC", "name": "Morange", "url": "http://www.temptalia.com/product/mac-cosmetics-lipstick/morange", "review": "A", "user_rating": "4", "permanence": "P", "rgb": [240, 33, 58], "color_name": "pink", "image_url": "http://www.temptalia.com/wp-content/uploads/2015/04/mac_morange004-400x355.jpg", "price": "$17.00", "price_per_ounce": 170.0}, {"full_text": "Limited Edition. $17.00/0.10 oz.", "brand": "MAC", "name": "Moxie", "url": "http://www.temptalia.com/product/mac-cosmetics-lipstick/moxie", "review": "A", "user_rating": "4", "permanence": "LE", "rgb": [196, 52, 2], "color_name": "fuchsia", "image_url": "http://www.temptalia.com/wp-content/uploads/2013/08/mac_antoniofuchsiapalette015-400x355.jpg", "price": "$17.00", "price_per_ounce": 170.0}, {"full_text": "Limited Edition. $17.00/0.10 oz.", "brand": "MAC", "name": "Musky Amethyst", "url": "http://www.temptalia.com/product/mac-cosmetics-lipstick/musky-amethyst", "review": "-", "user_rating": "2", "permanence": "LE", "rgb": [77, 14, 4], "color_name": "burgundy", "image_url": "http://www.temptalia.com/wp-content/uploads/2011/06/mac_semipreciouslipsticks009-400x355.jpg", "price": "$17.00", "price_per_ounce": 170.0}, {"full_text": "Limited Edition. $17.00/0.10 oz.", "brand": "MAC", "name": "Must Be Red", "url": "http://www.temptalia.com/product/mac-cosmetics-lipstick/must-be-red", "review": "-", "user_rating": "0", "permanence": "LE", "rgb": [136, 16, 14], "color_name": "red", "image_url": "http://www.temptalia.com/wp-content/uploads/2012/07/mac_illustratedredlips017-400x355.jpg", "price": "$17.00", "price_per_ounce": 170.0}, {"full_text": "Permanent. $17.00/0.10 oz.", "brand": "MAC", "name": "Myth", "url": "http://www.temptalia.com/product/mac-cosmetics-lipstick/myth", "review": "-", "user_rating": "3", "permanence": "P", "rgb": [160, 87, 83], "color_name": "nude", "image_url": "http://www.temptalia.com/wp-content/uploads/2012/04/mac_mythlipstick004-400x355.jpg", "price": "$17.00", "price_per_ounce": 170.0}, {"full_text": "Limited Edition. $17.00/0.10 oz.", "brand": "MAC", "name": "Naturally Eccentric", "url": "http://www.temptalia.com/product/mac-cosmetics-lipstick/naturally-eccentric", "review": "-", "user_rating": "4", "permanence": "LE", "rgb": [109, 40, 34], "color_name": "red", "image_url": "http://www.temptalia.com/wp-content/uploads/2011/05/mac_surfbabylipsticks011-400x355.jpg", "price": "$17.00", "price_per_ounce": 170.0}, {"full_text": "Limited Edition. $17.00/0.10 oz.", "brand": "MAC", "name": "Naughty Saute", "url": "http://www.temptalia.com/product/mac-cosmetics-lipstick/naughty-saute", "review": "-", "user_rating": "4", "permanence": "LE", "rgb": [181, 109, 57], "color_name": "fuchsia", "image_url": "http://www.temptalia.com/wp-content/uploads/2012/02/mac_naughtysaute003-400x355.jpg", "price": "$17.00", "price_per_ounce": 170.0}, {"full_text": "Limited Edition. $17.00/0.10 oz.", "brand": "MAC", "name": "Nearly Nude", "url": "http://www.temptalia.com/product/mac-cosmetics-lipstick/nearly-nude", "review": "-", "user_rating": "5", "permanence": "LE", "rgb": [191, 85, 108], "color_name": "nude", "image_url": "http://www.temptalia.com/wp-content/uploads/2013/04/mac_nearlynude004-400x355.jpg", "price": "$17.00", "price_per_ounce": 170.0}, {"full_text": "Limited Edition. $17.00/0.10 oz.", "brand": "MAC", "name": "Neon Orange", "url": "http://www.temptalia.com/product/mac-cosmetics-lipstick/neon-orange", "review": "A", "user_rating": "5", "permanence": "LE", "rgb": [198, 9, 25], "color_name": "pink", "image_url": "http://www.temptalia.com/wp-content/uploads/2013/05/mac_neonorange004-400x355.jpg", "price": "$17.00", "price_per_ounce": 170.0}, {"full_text": "Limited Edition. $17.00/0.10 oz.", "brand": "MAC", "name": "Mlle", "url": "http://www.temptalia.com/product/mac-cosmetics-lipstick/mlle", "review": "-", "user_rating": "0", "permanence": "LE", "rgb": [119, 55, 46], "color_name": "nude", "image_url": "http://www.temptalia.com/wp-content/uploads/2011/04/mac_mlle003-400x355.jpg", "price": "$17.00", "price_per_ounce": 170.0}, {"full_text": "Limited Edition. $17.00/0.10 oz.", "brand": "MAC", "name": "Mellowarm", "url": "http://www.temptalia.com/product/mac-cosmetics-lipstick/mellowarm", "review": "-", "user_rating": "0", "permanence": "LE", "rgb": [103, 18, 19], "color_name": "red", "image_url": "http://www.temptalia.com/wp-content/uploads/2011/10/mac_warmfestivekit013-400x355.jpg", "price": "$17.00", "price_per_ounce": 170.0}, {"full_text": "Limited Edition. $17.00/0.10 oz.", "brand": "MAC", "name": "Lush Amber", "url": "http://www.temptalia.com/product/mac-cosmetics-lipstick/lush-amber", "review": "-", "user_rating": "5", "permanence": "LE", "rgb": [101, 26, 18], "color_name": "red", "image_url": "http://www.temptalia.com/wp-content/uploads/2011/06/mac_lushamber004-400x355.jpg", "price": "$17.00", "price_per_ounce": 170.0}, {"full_text": "Permanent. $17.00/0.10 oz.", "brand": "MAC", "name": "MAC Red", "url": "http://www.temptalia.com/product/mac-cosmetics-lipstick/mac-red", "review": "A-", "user_rating": "4", "permanence": "P", "rgb": [163, 13, 0], "color_name": "red", "image_url": "http://www.temptalia.com/wp-content/uploads/2013/08/mac_antonioredpalette012-400x355.jpg", "price": "$17.00", "price_per_ounce": 170.0}, {"full_text": "Permanent. $17.00/0.10 oz.", "brand": "MAC", "name": "Mehr", "url": "http://www.temptalia.com/product/mac-cosmetics-lipstick/mehr", "review": "-", "user_rating": "4", "permanence": "P", "rgb": [148, 49, 44], "color_name": "red", "image_url": "http://www.temptalia.com/wp-content/uploads/2012/09/mac_mehr004-400x355.jpg", "price": "$17.00", "price_per_ounce": 170.0}, {"full_text": "Limited Edition. $17.00/0.10 oz.", "brand": "MAC", "name": "Love Goddess", "url": "http://www.temptalia.com/product/mac-cosmetics-lipstick/love-goddess", "review": "-", "user_rating": "4", "permanence": "LE", "rgb": [139, 18, 5], "color_name": "red", "image_url": "http://www.temptalia.com/wp-content/uploads/2012/09/mac_lovegoddess004-400x355.jpg", "price": "$17.00", "price_per_ounce": 170.0}, {"full_text": "Limited Edition. $17.00/0.10 oz.", "brand": "MAC", "name": "Lavender Whip", "url": "http://www.temptalia.com/product/mac-cosmetics-lipstick/lavender-whip", "review": "B", "user_rating": "4", "permanence": "LE", "rgb": [168, 85, 65], "color_name": "nude", "image_url": "http://www.temptalia.com/wp-content/uploads/2013/04/mac_lavenderwhip004-400x355.jpg", "price": "$17.00", "price_per_ounce": 170.0}, {"full_text": "Permanent. $17.00/0.10 oz.", "brand": "MAC", "name": "Lickable", "url": "http://www.temptalia.com/product/mac-cosmetics-lipstick/lickable", "review": "-", "user_rating": "4", "permanence": "P", "rgb": [153, 37, 12], "color_name": "red", "image_url": "http://www.temptalia.com/wp-content/uploads/2012/10/mac_luxuriouspinkbag007-400x355.jpg", "price": "$17.00", "price_per_ounce": 170.0}, {"full_text": "Permanent. $17.00/0.10 oz.", "brand": "MAC", "name": "Kinda Sexy", "url": "http://www.temptalia.com/product/mac-cosmetics-lipstick/kinda-sexy", "review": "B+", "user_rating": "4", "permanence": "P", "rgb": [204, 86, 99], "color_name": "pink", "image_url": "http://www.temptalia.com/wp-content/uploads/2015/05/mac_kindasexy004-400x355.jpg", "price": "$17.00", "price_per_ounce": 170.0}, {"full_text": "Permanent. $17.00/0.10 oz.", "brand": "MAC", "name": "Lady Danger", "url": "http://www.temptalia.com/product/mac-cosmetics-lipstick/lady-danger", "review": "A", "user_rating": "4", "permanence": "P", "rgb": [183, 4, 15], "color_name": "red", "image_url": "http://www.temptalia.com/wp-content/uploads/2013/06/mac_ladydanger004-400x355.jpg", "price": "$17.00", "price_per_ounce": 170.0}, {"full_text": "Limited Edition. $17.00/0.10 oz.", "brand": "MAC", "name": "Innocence", "url": "http://www.temptalia.com/product/mac-cosmetics-lipstick/innocence", "review": "-", "user_rating": "0", "permanence": "LE", "rgb": [163, 61, 61], "color_name": "pink", "image_url": "http://www.temptalia.com/wp-content/uploads/2012/10/mac_innocence004-400x355.jpg", "price": "$17.00", "price_per_ounce": 170.0}, {"full_text": "Limited Edition. $17.00/0.10 oz.", "brand": "MAC", "name": "Innocence Beware", "url": "http://www.temptalia.com/product/mac-cosmetics-lipstick/innocence-beware", "review": "-", "user_rating": "3", "permanence": "LE", "rgb": [151, 73, 73], "color_name": "nude", "image_url": "http://www.temptalia.com/wp-content/uploads/2012/02/mac_innocencebeware003-400x355.jpg", "price": "$17.00", "price_per_ounce": 170.0}, {"full_text": "Limited Edition. $17.00/0.10 oz.", "brand": "MAC", "name": "Japanese Maple", "url": "http://www.temptalia.com/product/mac-cosmetics-lipstick/japanese-maple", "review": "-", "user_rating": "3", "permanence": "LE", "rgb": [147, 58, 64], "color_name": "nude", "image_url": "http://www.temptalia.com/wp-content/uploads/2012/08/mac_japanesemaple004-400x355.jpg", "price": "$17.00", "price_per_ounce": 170.0}, {"full_text": "Permanent. $17.00/0.10 oz.", "brand": "MAC", "name": "Impassioned", "url": "http://www.temptalia.com/product/mac-cosmetics-lipstick/impassioned", "review": "-", "user_rating": "4", "permanence": "P", "rgb": [131, 24, 5], "color_name": "red", "image_url": "http://www.temptalia.com/wp-content/uploads/2012/04/mac_impassionedlipstick004-400x355.jpg", "price": "$17.00", "price_per_ounce": 170.0}, {"full_text": "Limited Edition. $17.00/0.10 oz.", "brand": "MAC", "name": "In a Heartbeat", "url": "http://www.temptalia.com/product/mac-cosmetics-lipstick/in-a-heartbeat", "review": "-", "user_rating": "0", "permanence": "LE", "rgb": [186, 61, 71], "color_name": "pink", "image_url": "http://www.temptalia.com/wp-content/uploads/2012/10/mac_quitecoralkit015-400x355.jpg", "price": "$17.00", "price_per_ounce": 170.0}, {"full_text": "Limited Edition. $17.00/0.10 oz.", "brand": "MAC", "name": "I Love Winter", "url": "http://www.temptalia.com/product/mac-cosmetics-lipstick/i-love-winter", "review": "B", "user_rating": "5", "permanence": "LE", "rgb": [103, 29, 27], "color_name": "red", "image_url": "http://www.temptalia.com/wp-content/uploads/2011/10/mac_sultrydelights008-400x355.jpg", "price": "$17.00", "price_per_ounce": 170.0}, {"full_text": "Limited Edition. $17.00/0.10 oz.", "brand": "MAC", "name": "Hibiscus", "url": "http://www.temptalia.com/product/mac-cosmetics-lipstick/hibiscus", "review": "-", "user_rating": "4", "permanence": "LE", "rgb": [142, 24, 2], "color_name": "red", "image_url": "http://www.temptalia.com/wp-content/uploads/2011/05/mac_hibiscus003-400x355.jpg", "price": "$17.00", "price_per_ounce": 170.0}, {"full_text": "Permanent. $17.00/0.10 oz.", "brand": "MAC", "name": "High Tea", "url": "http://www.temptalia.com/product/mac-cosmetics-lipstick/high-tea", "review": "C+", "user_rating": "3", "permanence": "P", "rgb": [191, 88, 96], "color_name": "nude", "image_url": "http://www.temptalia.com/wp-content/uploads/2015/03/mac_hightea004-400x355.jpg", "price": "$17.00", "price_per_ounce": 170.0}, {"full_text": "Limited Edition. $17.00/0.10 oz.", "brand": "MAC", "name": "Hot Chocolate", "url": "http://www.temptalia.com/product/mac-cosmetics-lipstick/hot-chocolate", "review": "-", "user_rating": "5", "permanence": "LE", "rgb": [122, 43, 40], "color_name": "red", "image_url": "http://www.temptalia.com/wp-content/uploads/2012/12/mac_hotchocolate004-400x355.jpg", "price": "$17.00", "price_per_ounce": 170.0}, {"full_text": "Permanent. $17.00/0.10 oz.", "brand": "MAC", "name": "Hot Gossip", "url": "http://www.temptalia.com/product/mac-cosmetics-lipstick/hot-gossip", "review": "-", "user_rating": "4", "permanence": "P", "rgb": [111, 36, 26], "color_name": "red", "image_url": "http://www.temptalia.com/wp-content/uploads/2011/10/mac_coolfestivekit014-400x355.jpg", "price": "$17.00", "price_per_ounce": 170.0}, {"full_text": "Limited Edition. $17.00/0.10 oz.", "brand": "MAC", "name": "Haute Altitude", "url": "http://www.temptalia.com/product/mac-cosmetics-lipstick/haute-altitude", "review": "-", "user_rating": "5", "permanence": "LE", "rgb": [159, 66, 62], "color_name": "nude", "image_url": "http://www.temptalia.com/wp-content/uploads/2012/12/mac_hautealtitude004-400x355.jpg", "price": "$17.00", "price_per_ounce": 170.0}, {"full_text": "Limited Edition. $17.00/0.10 oz.", "brand": "MAC", "name": "Heart to Heart", "url": "http://www.temptalia.com/product/mac-cosmetics-lipstick/heart-to-heart", "review": "-", "user_rating": "0", "permanence": "LE", "rgb": [153, 39, 28], "color_name": "red", "image_url": "http://www.temptalia.com/wp-content/uploads/2012/10/mac_paramourpink017-400x355.jpg", "price": "$17.00", "price_per_ounce": 170.0}, {"full_text": "Permanent. $17.00/0.10 oz.", "brand": "MAC", "name": "Heroine", "url": "http://www.temptalia.com/product/mac-cosmetics-lipstick/heroine", "review": "A", "user_rating": "4", "permanence": "P", "rgb": [173, 123, 45], "color_name": "purple", "image_url": "http://www.temptalia.com/wp-content/uploads/2014/09/mac_heroine004-400x355.jpg", "price": "$17.00", "price_per_ounce": 170.0}, {"full_text": "Permanent. $17.00/0.10 oz.", "brand": "MAC", "name": "Fusion Pink", "url": "http://www.temptalia.com/product/mac-cosmetics-lipstick/fusion-pink", "review": "-", "user_rating": "3", "permanence": "P", "rgb": [118, 17, 14], "color_name": "red", "image_url": "http://www.temptalia.com/wp-content/uploads/2011/09/mac_fusionpink003-400x355.jpg", "price": "$17.00", "price_per_ounce": 170.0}, {"full_text": "Limited Edition. $17.00/0.10 oz.", "brand": "MAC", "name": "Gem of Roses", "url": "http://www.temptalia.com/product/mac-cosmetics-lipstick/gem-of-roses", "review": "-", "user_rating": "3", "permanence": "LE", "rgb": [109, 27, 14], "color_name": "red", "image_url": "http://www.temptalia.com/wp-content/uploads/2011/06/mac_semipreciouslipsticks004-400x355.jpg", "price": "$17.00", "price_per_ounce": 170.0}, {"full_text": "Permanent. $17.00/0.10 oz.", "brand": "MAC", "name": "Giddy", "url": "http://www.temptalia.com/product/mac-cosmetics-lipstick/giddy", "review": "B", "user_rating": "0", "permanence": "P", "rgb": [217, 104, 91], "color_name": "pink", "image_url": "http://www.temptalia.com/wp-content/uploads/2014/04/mac_giddy004-400x355.jpg", "price": "$17.00", "price_per_ounce": 170.0}, {"full_text": "Permanent. $17.00/0.10 oz.", "brand": "MAC", "name": "Girl About Town", "url": "http://www.temptalia.com/product/mac-cosmetics-lipstick/girl-about-town", "review": "A-", "user_rating": "4", "permanence": "P", "rgb": [160, 44, 2], "color_name": "fuchsia", "image_url": "http://www.temptalia.com/wp-content/uploads/2013/07/mac_illustratedpink006-400x355.jpg", "price": "$17.00", "price_per_ounce": 170.0}, {"full_text": "Limited Edition. $17.00/0.10 oz.", "brand": "MAC", "name": "Glamourdaze", "url": "http://www.temptalia.com/product/mac-cosmetics-lipstick/glamourdaze", "review": "-", "user_rating": "4", "permanence": "LE", "rgb": [127, 30, 26], "color_name": "red", "image_url": "http://www.temptalia.com/wp-content/uploads/2012/10/mac_glamourdazelipstick004-400x355.jpg", "price": "$17.00", "price_per_ounce": 170.0}, {"full_text": "Permanent. $17.00/0.10 oz.", "brand": "MAC", "name": "Freckletone", "url": "http://www.temptalia.com/product/mac-cosmetics-lipstick/freckletone", "review": "B", "user_rating": "4", "permanence": "P", "rgb": [140, 33, 47], "color_name": "red", "image_url": "http://www.temptalia.com/wp-content/uploads/2013/02/mac_freckletone004-400x355.jpg", "price": "$17.00", "price_per_ounce": 170.0}, {"full_text": "Limited Edition. $17.00/0.10 oz.", "brand": "MAC", "name": "Force of Love", "url": "http://www.temptalia.com/product/mac-cosmetics-lipstick/force-of-love", "review": "A-", "user_rating": "3", "permanence": "LE", "rgb": [167, 47, 28], "color_name": "red", "image_url": "http://www.temptalia.com/wp-content/uploads/2012/02/mac_forceoflove003-400x355.jpg", "price": "$17.00", "price_per_ounce": 170.0}, {"full_text": "Limited Edition. $17.00/0.10 oz.", "brand": "MAC", "name": "Fire Sign", "url": "http://www.temptalia.com/product/mac-cosmetics-lipstick/fire-sign", "review": "-", "user_rating": "0", "permanence": "LE", "rgb": [138, 30, 24], "color_name": "red", "image_url": "http://www.temptalia.com/wp-content/uploads/2012/06/mac_firesign004-400x355.jpg", "price": "$17.00", "price_per_ounce": 170.0}, {"full_text": "Limited Edition. $17.00/0.10 oz.", "brand": "MAC", "name": "Firm Form", "url": "http://www.temptalia.com/product/mac-cosmetics-lipstick/firm-form", "review": "-", "user_rating": "0", "permanence": "LE", "rgb": [41, 13, 11], "color_name": "burgundy", "image_url": "http://www.temptalia.com/wp-content/uploads/2013/01/mac_firmform004-400x355.jpg", "price": "$17.00", "price_per_ounce": 170.0}, {"full_text": "Permanent. $17.00/0.10 oz.", "brand": "MAC", "name": "Flamingo", "url": "http://www.temptalia.com/product/mac-cosmetics-lipstick/flamingo", "review": "B-", "user_rating": "4", "permanence": "P", "rgb": [194, 74, 68], "color_name": "pink", "image_url": "http://www.temptalia.com/wp-content/uploads/2013/05/mac_flamingo004-400x355.jpg", "price": "$17.00", "price_per_ounce": 170.0}, {"full_text": "Permanent. $17.00/0.10 oz.", "brand": "MAC", "name": "Fleshpot", "url": "http://www.temptalia.com/product/mac-cosmetics-lipstick/fleshpot", "review": "-", "user_rating": "5", "permanence": "P", "rgb": [131, 56, 61], "color_name": "nude", "image_url": "http://www.temptalia.com/wp-content/uploads/2011/09/mac_fleshpot003-400x355.jpg", "price": "$17.00", "price_per_ounce": 170.0}, {"full_text": "Limited Edition. $17.00/0.10 oz.", "brand": "MAC", "name": "Fervent", "url": "http://www.temptalia.com/product/mac-cosmetics-lipstick/fervent", "review": "-", "user_rating": "0", "permanence": "LE", "rgb": [39, 17, 8], "color_name": "plum", "image_url": "http://www.temptalia.com/wp-content/uploads/2011/11/mac_garethlipsticks003-400x355.jpg", "price": "$17.00", "price_per_ounce": 170.0}, {"full_text": "Limited Edition. $17.00/0.10 oz.", "brand": "MAC", "name": "Eloquent Air", "url": "http://www.temptalia.com/product/mac-cosmetics-lipstick/eloquent-air", "review": "-", "user_rating": "0", "permanence": "LE", "rgb": [138, 78, 76], "color_name": "nude", "image_url": "http://www.temptalia.com/wp-content/uploads/2011/10/mac_holidaylipsticks007-400x355.jpg", "price": "$17.00", "price_per_ounce": 170.0}, {"full_text": "Limited Edition. $17.00/0.10 oz.", "brand": "MAC", "name": "Embrace Me", "url": "http://www.temptalia.com/product/mac-cosmetics-lipstick/embrace-me", "review": "A-", "user_rating": "4", "permanence": "LE", "rgb": [228, 125, 50], "color_name": "fuchsia", "image_url": "http://www.temptalia.com/wp-content/uploads/2014/07/mac_allaboutpinkbox008-400x355.jpg", "price": "$17.00", "price_per_ounce": 170.0}, {"full_text": "Limited Edition. $17.00/0.10 oz.", "brand": "MAC", "name": "Eden Rocks", "url": "http://www.temptalia.com/product/mac-cosmetics-lipstick/eden-rocks", "review": "-", "user_rating": "0", "permanence": "LE", "rgb": [225, 140, 159], "color_name": "orange", "image_url": "http://www.temptalia.com/wp-content/uploads/2012/03/mac_edenrocks002-400x355.jpg", "price": "$17.00", "price_per_ounce": 170.0}, {"full_text": "Permanent. $17.00/0.10 oz.", "brand": "MAC", "name": "Double Shot", "url": "http://www.temptalia.com/product/mac-cosmetics-lipstick/double-shot", "review": "-", "user_rating": "4", "permanence": "P", "rgb": [115, 32, 34], "color_name": "red", "image_url": "http://www.temptalia.com/wp-content/uploads/2012/09/mac_doubleshot004-400x355.jpg", "price": "$17.00", "price_per_ounce": 170.0}, {"full_text": "Limited Edition. $17.00/0.10 oz.", "brand": "MAC", "name": "Double Spin", "url": "http://www.temptalia.com/product/mac-cosmetics-lipstick/double-spin", "review": "-", "user_rating": "4", "permanence": "LE", "rgb": [139, 94, 90], "color_name": "nude", "image_url": "http://www.temptalia.com/wp-content/uploads/2011/10/mac_holidaylipsticks003-400x355.jpg", "price": "$17.00", "price_per_ounce": 170.0}, {"full_text": "Limited Edition. $17.00/0.10 oz.", "brand": "MAC", "name": "Dramatic Encounter", "url": "http://www.temptalia.com/product/mac-cosmetics-lipstick/dramatic-encounter", "review": "-", "user_rating": "4", "permanence": "LE", "rgb": [83, 23, 16], "color_name": "burgundy", "image_url": "http://www.temptalia.com/wp-content/uploads/2012/10/mac_dramaticencounter004-400x355.jpg", "price": "$17.00", "price_per_ounce": 170.0}, {"full_text": "Limited Edition. $17.00/0.10 oz.", "brand": "MAC", "name": "Dark Deed", "url": "http://www.temptalia.com/product/mac-cosmetics-lipstick/dark-deed", "review": "B+", "user_rating": "3", "permanence": "LE", "rgb": [98, 17, 11], "color_name": "red", "image_url": "http://www.temptalia.com/wp-content/uploads/2013/10/mac_strokeofmidnightlipviolet013-400x355.jpg", "price": "$17.00", "price_per_ounce": 170.0}, {"full_text": "Limited Edition. $17.00/0.10 oz.", "brand": "MAC", "name": "Deeply Adored", "url": "http://www.temptalia.com/product/mac-cosmetics-lipstick/deeply-adored", "review": "A-", "user_rating": "4", "permanence": "LE", "rgb": [107, 4, 2], "color_name": "red", "image_url": "http://www.temptalia.com/wp-content/uploads/2013/08/mac_antonioredpalette017-400x355.jpg", "price": "$17.00", "price_per_ounce": 170.0}, {"full_text": "Limited Edition. $17.00/0.10 oz.", "brand": "MAC", "name": "Devil's Food", "url": "http://www.temptalia.com/product/mac-cosmetics-lipstick/devils-food", "review": "C+", "user_rating": "0", "permanence": "LE", "rgb": [111, 24, 25], "color_name": "red", "image_url": "http://www.temptalia.com/wp-content/uploads/2013/04/mac_devilsfood004-400x355.jpg", "price": "$17.00", "price_per_ounce": 170.0}, {"full_text": "Limited Edition. $17.00/0.10 oz.", "brand": "MAC", "name": "Dish It Up", "url": "http://www.temptalia.com/product/mac-cosmetics-lipstick/dish-it-up", "review": "-", "user_rating": "4", "permanence": "LE", "rgb": [128, 48, 25], "color_name": "red", "image_url": "http://www.temptalia.com/wp-content/uploads/2012/02/mac_dishitup003-400x355.jpg", "price": "$17.00", "price_per_ounce": 170.0}, {"full_text": "Permanent. $17.00/0.10 oz.", "brand": "MAC", "name": "Diva", "url": "http://www.temptalia.com/product/mac-cosmetics-lipstick/diva", "review": "A-", "user_rating": "4", "permanence": "P", "rgb": [142, 29, 25], "color_name": "red", "image_url": "http://www.temptalia.com/wp-content/uploads/2014/08/mac_diva004-400x355.jpg", "price": "$17.00", "price_per_ounce": 170.0}, {"full_text": "Limited Edition. $17.00/0.10 oz.", "brand": "MAC", "name": "Dominate", "url": "http://www.temptalia.com/product/mac-cosmetics-lipstick/dominate", "review": "-", "user_rating": "4", "permanence": "LE", "rgb": [77, 27, 17], "color_name": "burgundy", "image_url": "http://www.temptalia.com/wp-content/uploads/2013/04/mac_dominate004-400x355.jpg", "price": "$17.00", "price_per_ounce": 170.0}, {"full_text": "Permanent. $17.00/0.10 oz.", "brand": "MAC", "name": "Cr\u00e8me d'Nude", "url": "http://www.temptalia.com/product/mac-cosmetics-lipstick/creme-dnude", "review": "B-", "user_rating": "4", "permanence": "P", "rgb": [203, 116, 127], "color_name": "pink", "image_url": "http://www.temptalia.com/wp-content/uploads/2015/04/mac_cremednude004-400x355.jpg", "price": "$17.00", "price_per_ounce": 170.0}, {"full_text": "Limited Edition. $17.00/0.10 oz.", "brand": "MAC", "name": "Cusp of Dawn", "url": "http://www.temptalia.com/product/mac-cosmetics-lipstick/cusp-of-dawn", "review": "-", "user_rating": "0", "permanence": "LE", "rgb": [128, 41, 45], "color_name": "red", "image_url": "http://www.temptalia.com/wp-content/uploads/2012/06/mac_cuspofdawn004-400x355.jpg", "price": "$17.00", "price_per_ounce": 170.0}, {"full_text": "Limited Edition. $17.00/0.10 oz.", "brand": "MAC", "name": "Cut-a-caper", "url": "http://www.temptalia.com/product/mac-cosmetics-lipstick/cut-a-caper", "review": "-", "user_rating": "4", "permanence": "LE", "rgb": [151, 53, 50], "color_name": "red", "image_url": "http://www.temptalia.com/wp-content/uploads/2012/06/mac_cutacaper004-400x355.jpg", "price": "$17.00", "price_per_ounce": 170.0}, {"full_text": "Limited Edition. $17.00/0.10 oz.", "brand": "MAC", "name": "Daddy's Little Girl", "url": "http://www.temptalia.com/product/mac-cosmetics-lipstick/daddys-little-girl", "review": "A", "user_rating": "4", "permanence": "LE", "rgb": [171, 80, 28], "color_name": "fuchsia", "image_url": "http://www.temptalia.com/wp-content/uploads/2013/02/mac_daddyslittlegirl004-400x355.jpg", "price": "$17.00", "price_per_ounce": 170.0}, {"full_text": "Permanent. $17.00/0.10 oz.", "brand": "MAC", "name": "Cockney", "url": "http://www.temptalia.com/product/mac-cosmetics-lipstick/cockney", "review": "B", "user_rating": "4", "permanence": "P", "rgb": [135, 8, 9], "color_name": "red", "image_url": "http://www.temptalia.com/wp-content/uploads/2013/02/mac_cockney004-400x355.jpg", "price": "$17.00", "price_per_ounce": 170.0}, {"full_text": "Permanent. $17.00/0.10 oz.", "brand": "MAC", "name": "Coral Bliss", "url": "http://www.temptalia.com/product/mac-cosmetics-lipstick/coral-bliss", "review": "-", "user_rating": "4", "permanence": "P", "rgb": [156, 56, 56], "color_name": "pink", "image_url": "http://www.temptalia.com/wp-content/uploads/2012/08/mac_coralbliss004-400x355.jpg", "price": "$17.00", "price_per_ounce": 170.0}, {"full_text": "Limited Edition. $17.00/0.10 oz.", "brand": "MAC", "name": "Cozy Up", "url": "http://www.temptalia.com/product/mac-cosmetics-lipstick/cozy-up", "review": "-", "user_rating": "5", "permanence": "LE", "rgb": [186, 63, 84], "color_name": "nude", "image_url": "http://www.temptalia.com/wp-content/uploads/2012/12/mac_cozyup004-400x355.jpg", "price": "$17.00", "price_per_ounce": 170.0}, {"full_text": "Permanent. $17.00/0.10 oz.", "brand": "MAC", "name": "Craving", "url": "http://www.temptalia.com/product/mac-cosmetics-lipstick/craving", "review": "-", "user_rating": "4", "permanence": "P", "rgb": [111, 35, 18], "color_name": "red", "image_url": "http://www.temptalia.com/wp-content/uploads/2011/07/mac_craving003-400x355.jpg", "price": "$17.00", "price_per_ounce": 170.0}, {"full_text": "Limited Edition. $17.00/0.10 oz.", "brand": "MAC", "name": "Charmed, I'm Sure", "url": "http://www.temptalia.com/product/mac-cosmetics-lipstick/charmed-im-sure", "review": "-", "user_rating": "4", "permanence": "LE", "rgb": [131, 10, 4], "color_name": "red", "image_url": "http://www.temptalia.com/wp-content/uploads/2012/09/mac_charmedimsure005-400x355.jpg", "price": "$17.00", "price_per_ounce": 170.0}, {"full_text": "Permanent. $17.00/0.10 oz.", "brand": "MAC", "name": "Chestnut", "url": "http://www.temptalia.com/product/mac-cosmetics-lipstick/chestnut", "review": "-", "user_rating": "0", "permanence": "P", "rgb": [56, 7, 10], "color_name": "burgundy", "image_url": "http://www.temptalia.com/wp-content/uploads/2012/04/mac_chestnutlipstick004-400x355.jpg", "price": "$17.00", "price_per_ounce": 170.0}, {"full_text": "Limited Edition. $17.00/0.10 oz.", "brand": "MAC", "name": "Bust Out", "url": "http://www.temptalia.com/product/mac-cosmetics-lipstick/bust-out", "review": "-", "user_rating": "3", "permanence": "LE", "rgb": [107, 32, 7], "color_name": "fuchsia", "image_url": "http://www.temptalia.com/wp-content/uploads/2011/05/mac_surfbabylipsticks007-400x355.jpg", "price": "$17.00", "price_per_ounce": 170.0}, {"full_text": "Permanent. $17.00/0.10 oz.", "brand": "MAC", "name": "Candy Yum Yum", "url": "http://www.temptalia.com/product/mac-cosmetics-lipstick/candy-yum-yum", "review": "A", "user_rating": "4", "permanence": "P", "rgb": [216, 122, 21], "color_name": "purple", "image_url": "http://www.temptalia.com/wp-content/uploads/2013/08/mac_antoniofuchsiapalette010-400x355.jpg", "price": "$17.00", "price_per_ounce": 170.0}, {"full_text": "Limited Edition. $17.00/0.10 oz.", "brand": "MAC", "name": "Cardinal", "url": "http://www.temptalia.com/product/mac-cosmetics-lipstick/cardinal", "review": "A-", "user_rating": "0", "permanence": "LE", "rgb": [177, 28, 19], "color_name": "red", "image_url": "http://www.temptalia.com/wp-content/uploads/2015/03/mac_cardinal004-400x355.jpg", "price": "$17.00", "price_per_ounce": 170.0}, {"full_text": "Permanent. $17.00/0.10 oz.", "brand": "MAC", "name": "Brick-o-la", "url": "http://www.temptalia.com/product/mac-cosmetics-lipstick/brick-o-la", "review": "-", "user_rating": "4", "permanence": "P", "rgb": [114, 32, 23], "color_name": "red", "image_url": "http://www.temptalia.com/wp-content/uploads/2011/07/mac_brickola003-400x355.jpg", "price": "$17.00", "price_per_ounce": 170.0}, {"full_text": "Limited Edition. $17.00/0.10 oz.", "brand": "MAC", "name": "Boyfriend Stealer", "url": "http://www.temptalia.com/product/mac-cosmetics-lipstick/boyfriend-stealer", "review": "B-", "user_rating": "2", "permanence": "LE", "rgb": [90, 23, 12], "color_name": "red", "image_url": "http://www.temptalia.com/wp-content/uploads/2013/02/mac_boyfriendstealer004-400x355.jpg", "price": "$17.00", "price_per_ounce": 170.0}, {"full_text": "Limited Edition. $17.00/0.10 oz.", "brand": "MAC", "name": "Betty Bright", "url": "http://www.temptalia.com/product/mac-cosmetics-lipstick/betty-bright", "review": "A-", "user_rating": "4", "permanence": "LE", "rgb": [204, 76, 67], "color_name": "pink", "image_url": "http://www.temptalia.com/wp-content/uploads/2013/02/mac_bettybright004-400x355.jpg", "price": "$17.00", "price_per_ounce": 170.0}, {"full_text": "Limited Edition. $17.00/0.10 oz.", "brand": "MAC", "name": "Barely Lit", "url": "http://www.temptalia.com/product/mac-cosmetics-lipstick/barely-lit", "review": "-", "user_rating": "0", "permanence": "LE", "rgb": [223, 142, 167], "color_name": "orange", "image_url": "http://www.temptalia.com/wp-content/uploads/2012/10/mac_gorgeousbronzekit013-400x355.jpg", "price": "$17.00", "price_per_ounce": 170.0}, {"full_text": "Limited Edition. $17.00/0.10 oz.", "brand": "MAC", "name": "Ablaze", "url": "http://www.temptalia.com/product/mac-cosmetics-lipstick/ablaze", "review": "-", "user_rating": "4", "permanence": "LE", "rgb": [221, 45, 44], "color_name": "pink", "image_url": "http://www.temptalia.com/wp-content/uploads/2013/03/mac_ablazelipstick004-400x355.jpg", "price": "$17.00", "price_per_ounce": 170.0}, {"full_text": "Limited Edition. $17.00/0.10 oz.", "brand": "MAC", "name": "Absolute Power", "url": "http://www.temptalia.com/product/mac-cosmetics-lipstick/absolute-power", "review": "-", "user_rating": "4", "permanence": "LE", "rgb": [143, 14, 5], "color_name": "red", "image_url": "http://www.temptalia.com/wp-content/uploads/2013/01/mac_absolutepower004-400x355.jpg", "price": "$17.00", "price_per_ounce": 170.0}, {"full_text": "Permanent. $17.00/0.10 oz.", "brand": "MAC", "name": "Angel", "url": "http://www.temptalia.com/product/mac-cosmetics-lipstick/angel", "review": "-", "user_rating": "4", "permanence": "P", "rgb": [141, 57, 47], "color_name": "red", "image_url": "http://www.temptalia.com/wp-content/uploads/2012/04/mac_angellipstick004-400x355.jpg", "price": "$17.00", "price_per_ounce": 170.0}, {"full_text": "Limited Edition. $17.00/0.10 oz.", "brand": "MAC", "name": "Angel's Kiss", "url": "http://www.temptalia.com/product/mac-cosmetics-lipstick/angels-kiss", "review": "-", "user_rating": "5", "permanence": "LE", "rgb": [196, 112, 130], "color_name": "nude", "image_url": "http://www.temptalia.com/wp-content/uploads/2013/04/mac_angelskiss004-400x355.jpg", "price": "$17.00", "price_per_ounce": 170.0}, {"full_text": "Limited Edition. $17.00/0.10 oz.", "brand": "MAC", "name": "Apres Chic", "url": "http://www.temptalia.com/product/mac-cosmetics-lipstick/apres-chic", "review": "-", "user_rating": "5", "permanence": "LE", "rgb": [160, 31, 34], "color_name": "red", "image_url": "http://www.temptalia.com/wp-content/uploads/2012/12/mac_apreschic004-400x355.jpg", "price": "$17.00", "price_per_ounce": 170.0}, {"full_text": "Limited Edition. $17.00/0.10 oz.", "brand": "MAC", "name": "3N", "url": "http://www.temptalia.com/product/mac-cosmetics-lipstick/3n", "review": "-", "user_rating": "4", "permanence": "LE", "rgb": [140, 54, 56], "color_name": "nude", "image_url": "http://www.temptalia.com/wp-content/uploads/2012/12/mac_3n004-400x355.jpg", "price": "$17.00", "price_per_ounce": 170.0}, {"full_text": "Limited Edition. $18.00/0.17 oz.", "brand": "MAC", "name": "Enchantee", "url": "http://www.temptalia.com/product/mac-cosmetics-kissable-lipcolour/enchantee", "review": "-", "user_rating": "0", "permanence": "LE", "rgb": [146, 73, 56], "color_name": "nude", "image_url": "http://www.temptalia.com/wp-content/uploads/2012/02/mac_kissablelipcolour005-400x355.jpg", "price": "$18.00", "price_per_ounce": 105.88235294117646}, {"full_text": "Limited Edition. $18.00/0.17 oz.", "brand": "MAC", "name": "Flaunting It", "url": "http://www.temptalia.com/product/mac-cosmetics-kissable-lipcolour/flaunting-it", "review": "-", "user_rating": "0", "permanence": "LE", "rgb": [114, 43, 24], "color_name": "red", "image_url": "http://www.temptalia.com/wp-content/uploads/2012/02/mac_kissablelipcolour008-400x355.jpg", "price": "$18.00", "price_per_ounce": 105.88235294117646}, {"full_text": "Limited Edition. $18.00/0.17 oz.", "brand": "MAC", "name": "Scan-delicious", "url": "http://www.temptalia.com/product/mac-cosmetics-kissable-lipcolour/scan-delicious", "review": "-", "user_rating": "4", "permanence": "LE", "rgb": [135, 23, 5], "color_name": "red", "image_url": "http://www.temptalia.com/wp-content/uploads/2012/02/mac_kissablelipcolour011-400x355.jpg", "price": "$18.00", "price_per_ounce": 105.88235294117646}, {"full_text": "Limited Edition. $18.00/0.17 oz.", "brand": "MAC", "name": "So Vain", "url": "http://www.temptalia.com/product/mac-cosmetics-kissable-lipcolour/so-vain", "review": "-", "user_rating": "4", "permanence": "LE", "rgb": [167, 51, 52], "color_name": "pink", "image_url": "http://www.temptalia.com/wp-content/uploads/2012/02/mac_kissablelipcolour014-400x355.jpg", "price": "$18.00", "price_per_ounce": 105.88235294117646}, {"full_text": "Limited Edition. $18.00/0.17 oz.", "brand": "MAC", "name": "Woo Me", "url": "http://www.temptalia.com/product/mac-cosmetics-kissable-lipcolour/woo-me", "review": "-", "user_rating": "0", "permanence": "LE", "rgb": [163, 69, 72], "color_name": "nude", "image_url": "http://www.temptalia.com/wp-content/uploads/2012/02/mac_kissablelipcolour017-400x355.jpg", "price": "$18.00", "price_per_ounce": 105.88235294117646}, {"full_text": "Permanent. $24.00/0.14 oz.", "brand": "Illamasqua", "name": "Welt", "url": "http://www.temptalia.com/product/illamasqua-lipstick/welt", "review": "-", "user_rating": "0", "permanence": "P", "rgb": [136, 41, 16], "color_name": "red", "image_url": "http://www.temptalia.com/wp-content/uploads/2010/12/illamasqua_welt003-400x355.jpg", "price": "$24.00", "price_per_ounce": 171.42857142857142}, {"full_text": "Permanent. $24.00/0.14 oz.", "brand": "Illamasqua", "name": "Magnetism", "url": "http://www.temptalia.com/product/illamasqua-lipstick/magnetism", "review": "-", "user_rating": "5", "permanence": "P", "rgb": [121, 26, 11], "color_name": "red", "image_url": "http://www.temptalia.com/wp-content/uploads/2012/08/illamasqua_magnetism004-400x355.jpg", "price": "$24.00", "price_per_ounce": 171.42857142857142}, {"full_text": "Permanent. $24.00/0.14 oz.", "brand": "Illamasqua", "name": "Maneater", "url": "http://www.temptalia.com/product/illamasqua-lipstick/maneater", "review": "A-", "user_rating": "0", "permanence": "P", "rgb": [199, 9, 14], "color_name": "pink", "image_url": "http://www.temptalia.com/wp-content/uploads/2014/03/illamasqua_maneater004-400x355.jpg", "price": "$24.00", "price_per_ounce": 171.42857142857142}, {"full_text": "Permanent. $24.00/0.14 oz.", "brand": "Illamasqua", "name": "Apocalips", "url": "http://www.temptalia.com/product/illamasqua-lipstick/apocalips", "review": "A-", "user_rating": "3", "permanence": "P", "rgb": [12, 59, 51], "color_name": "green", "image_url": "http://www.temptalia.com/wp-content/uploads/2012/04/illamasqua_apocalips003-400x355.jpg", "price": "$24.00", "price_per_ounce": 171.42857142857142}, {"full_text": "Permanent. $24.00/0.14 oz.", "brand": "Illamasqua", "name": "Atomic", "url": "http://www.temptalia.com/product/illamasqua-lipstick/atomic", "review": "A-", "user_rating": "3", "permanence": "P", "rgb": [215, 154, 136], "color_name": "pink", "image_url": "http://www.temptalia.com/wp-content/uploads/2011/03/illamasqua_atomic002-400x355.jpg", "price": "$24.00", "price_per_ounce": 171.42857142857142}, {"full_text": "Permanent. $24.00/0.14 oz.", "brand": "Illamasqua", "name": "Disciple", "url": "http://www.temptalia.com/product/illamasqua-lipstick/disciple", "review": "-", "user_rating": "0", "permanence": "P", "rgb": [26, 23, 15], "color_name": "black", "image_url": "http://www.temptalia.com/wp-content/uploads/2010/10/illamasqua_disciple003-400x355.jpg", "price": "$24.00", "price_per_ounce": 171.42857142857142}, {"full_text": "Permanent. $24.00/0.14 oz.", "brand": "Illamasqua", "name": "Flare", "url": "http://www.temptalia.com/product/illamasqua-lipstick/flare", "review": "B+", "user_rating": "0", "permanence": "P", "rgb": [249, 62, 100], "color_name": "orange", "image_url": "http://www.temptalia.com/wp-content/uploads/2011/03/illamasqua_flare002-400x355.jpg", "price": "$24.00", "price_per_ounce": 171.42857142857142}, {"full_text": "Permanent. $24.00/0.14 oz.", "brand": "Illamasqua", "name": "Growl", "url": "http://www.temptalia.com/product/illamasqua-lipstick/growl", "review": "-", "user_rating": "0", "permanence": "P", "rgb": [70, 4, 3], "color_name": "burgundy", "image_url": "http://www.temptalia.com/wp-content/uploads/2010/08/illamasqua_growl003-400x355.jpg", "price": "$24.00", "price_per_ounce": 171.42857142857142}, {"full_text": "Permanent. $24.00/0.14 oz.", "brand": "Illamasqua", "name": "Kontrol", "url": "http://www.temptalia.com/product/illamasqua-lipstick/kontrol", "review": "A-", "user_rating": "5", "permanence": "P", "rgb": [24, 18, 7], "color_name": "purple", "image_url": "http://www.temptalia.com/wp-content/uploads/2011/10/illamasqua_kontrol004-400x355.jpg", "price": "$24.00", "price_per_ounce": 171.42857142857142}, {"full_text": "Limited Edition. ", "brand": "Guerlain", "name": "Calligraphy #5", "url": "http://www.temptalia.com/product/guerlain-lipstick/calligraphy-5", "review": "-", "user_rating": "5", "permanence": "LE", "rgb": [153, 17, 3], "color_name": "red", "image_url": "http://www.temptalia.com/wp-content/uploads/2012/11/guerlain_calligraphy013-400x355.jpg", "price": "$0.00", "price_per_ounce": "NA"}, {"full_text": "Limited Edition. ", "brand": "Guerlain", "name": "Calligraphy #6", "url": "http://www.temptalia.com/product/guerlain-lipstick/calligraphy-6", "review": "-", "user_rating": "5", "permanence": "LE", "rgb": [124, 4, 5], "color_name": "red", "image_url": "http://www.temptalia.com/wp-content/uploads/2012/11/guerlain_calligraphy017-400x355.jpg", "price": "$0.00", "price_per_ounce": "NA"}, {"full_text": "Limited Edition. $35.00/0.12 oz.", "brand": "Guerlain", "name": "Altoum", "url": "http://www.temptalia.com/product/guerlain-shine-automatique-lip-color/altoum", "review": "-", "user_rating": "0", "permanence": "LE", "rgb": [141, 44, 49], "color_name": "red", "image_url": "http://www.temptalia.com/wp-content/uploads/2012/10/guerlain_700rougeautomatique004-400x355.jpg", "price": "$35.00", "price_per_ounce": 291.6666666666667}, {"full_text": "Permanent. $35.00/0.12 oz.", "brand": "Guerlain", "name": "Extrait de Rose", "url": "http://www.temptalia.com/product/guerlain-shine-automatique-lip-color/extrait-de-rose", "review": "-", "user_rating": "5", "permanence": "P", "rgb": [156, 52, 23], "color_name": "red", "image_url": "http://www.temptalia.com/wp-content/uploads/2012/04/guerlain_262shine003-400x355.jpg", "price": "$35.00", "price_per_ounce": 291.6666666666667}, {"full_text": "Limited Edition. $35.00/0.12 oz.", "brand": "Guerlain", "name": "Flirt", "url": "http://www.temptalia.com/product/guerlain-shine-automatique-lip-color/flirt", "review": "A", "user_rating": "5", "permanence": "LE", "rgb": [122, 33, 16], "color_name": "red", "image_url": "http://www.temptalia.com/wp-content/uploads/2012/12/guerlain_flirt004-400x355.jpg", "price": "$35.00", "price_per_ounce": 291.6666666666667}, {"full_text": "Limited Edition. $35.00/0.12 oz.", "brand": "Guerlain", "name": "Lou-Ling", "url": "http://www.temptalia.com/product/guerlain-shine-automatique-lip-color/lou-ling", "review": "-", "user_rating": "4", "permanence": "LE", "rgb": [125, 26, 14], "color_name": "red", "image_url": "http://www.temptalia.com/wp-content/uploads/2012/10/guerlain_760rougeautomatique004-400x355.jpg", "price": "$35.00", "price_per_ounce": 291.6666666666667}, {"full_text": "Permanent. $35.00/0.12 oz.", "brand": "Guerlain", "name": "Pamplelune", "url": "http://www.temptalia.com/product/guerlain-shine-automatique-lip-color/pamplelune", "review": "-", "user_rating": "5", "permanence": "P", "rgb": [160, 33, 36], "color_name": "red", "image_url": "http://www.temptalia.com/wp-content/uploads/2012/06/guerlain_240shine004-400x355.jpg", "price": "$35.00", "price_per_ounce": 291.6666666666667}, {"full_text": "Permanent. $35.00/0.12 oz.", "brand": "Guerlain", "name": "Pour Troubler", "url": "http://www.temptalia.com/product/guerlain-shine-automatique-lip-color/pour-troubler", "review": "-", "user_rating": "5", "permanence": "P", "rgb": [145, 28, 16], "color_name": "red", "image_url": "http://www.temptalia.com/wp-content/uploads/2012/06/guerlain_220shine003-400x355.jpg", "price": "$35.00", "price_per_ounce": 291.6666666666667}, {"full_text": "Limited Edition. $35.00/0.12 oz.", "brand": "Guerlain", "name": "Rendez-vous", "url": "http://www.temptalia.com/product/guerlain-shine-automatique-lip-color/rendez-vous", "review": "-", "user_rating": "4", "permanence": "LE", "rgb": [142, 58, 43], "color_name": "red", "image_url": "http://www.temptalia.com/wp-content/uploads/2013/01/guerlain_rendezvous004-400x355.jpg", "price": "$35.00", "price_per_ounce": 291.6666666666667}, {"full_text": "Permanent. $35.00/0.12 oz.", "brand": "Guerlain", "name": "Sous Le Vent", "url": "http://www.temptalia.com/product/guerlain-shine-automatique-lip-color/sous-le-vent", "review": "-", "user_rating": "0", "permanence": "P", "rgb": [158, 53, 57], "color_name": "pink", "image_url": "http://www.temptalia.com/wp-content/uploads/2012/06/guerlain_200shine003-400x355.jpg", "price": "$35.00", "price_per_ounce": 291.6666666666667}, {"full_text": "Limited Edition. $48.00/0.10 oz.", "brand": "Guerlain", "name": "Beatrix", "url": "http://www.temptalia.com/product/guerlain-rouge-g-le-brilliant/beatrix", "review": "-", "user_rating": "0", "permanence": "LE", "rgb": [151, 58, 56], "color_name": "pink", "image_url": "http://www.temptalia.com/wp-content/uploads/2010/10/guerlain_beatrix003-400x355.jpg", "price": "$48.00", "price_per_ounce": 480.0}, {"full_text": "Limited Edition. $51.00/0.12 oz.", "brand": "Guerlain", "name": "Rose Desir", "url": "http://www.temptalia.com/product/guerlain-rouge-g-de-guerlain-lip-color/rose-desir", "review": "-", "user_rating": "0", "permanence": "LE", "rgb": [151, 51, 46], "color_name": "red", "image_url": "http://www.temptalia.com/wp-content/uploads/2011/01/guerlain_rosedesir003-400x355.jpg", "price": "$51.00", "price_per_ounce": 425.0}, {"full_text": "Limited Edition. $51.00/0.12 oz.", "brand": "Guerlain", "name": "Rose Ensoleille", "url": "http://www.temptalia.com/product/guerlain-rouge-g-de-guerlain-lip-color/rose-ensoleille", "review": "-", "user_rating": "0", "permanence": "LE", "rgb": [123, 37, 30], "color_name": "red", "image_url": "http://www.temptalia.com/wp-content/uploads/2012/04/guerlain_roseensoleille003-400x355.jpg", "price": "$51.00", "price_per_ounce": 425.0}, {"full_text": "Limited Edition. $51.00/0.12 oz.", "brand": "Guerlain", "name": "Rose Innocent", "url": "http://www.temptalia.com/product/guerlain-rouge-g-de-guerlain-lip-color/rose-innocent", "review": "B", "user_rating": "0", "permanence": "LE", "rgb": [145, 67, 52], "color_name": "red", "image_url": "http://www.temptalia.com/wp-content/uploads/2011/12/guerlain_roseinnocent003-400x355.jpg", "price": "$51.00", "price_per_ounce": 425.0}, {"full_text": "Limited Edition. $51.00/0.12 oz.", "brand": "Guerlain", "name": "Rose Piquant", "url": "http://www.temptalia.com/product/guerlain-rouge-g-de-guerlain-lip-color/rose-piquant", "review": "-", "user_rating": "0", "permanence": "LE", "rgb": [141, 60, 48], "color_name": "red", "image_url": "http://www.temptalia.com/wp-content/uploads/2012/05/guerlain_rosepiquant003-400x355.jpg", "price": "$51.00", "price_per_ounce": 425.0}, {"full_text": "Limited Edition. $51.00/0.12 oz.", "brand": "Guerlain", "name": "Rouge Sensuel", "url": "http://www.temptalia.com/product/guerlain-rouge-g-de-guerlain-lip-color/rouge-sensuel", "review": "-", "user_rating": "0", "permanence": "LE", "rgb": [165, 17, 13], "color_name": "red", "image_url": "http://www.temptalia.com/wp-content/uploads/2010/12/guerlain_rougesensuel005-400x355.jpg", "price": "$51.00", "price_per_ounce": 425.0}, {"full_text": "Permanent. $51.00/0.12 oz.", "brand": "Guerlain", "name": "Garance", "url": "http://www.temptalia.com/product/guerlain-rouge-g-de-guerlain-lip-color/garance", "review": "A", "user_rating": "4", "permanence": "P", "rgb": [185, 56, 56], "color_name": "pink", "image_url": "http://www.temptalia.com/wp-content/uploads/2014/10/guerlain_garance004-400x355.jpg", "price": "$51.00", "price_per_ounce": 425.0}, {"full_text": "Permanent. $51.00/0.12 oz.", "brand": "Guerlain", "name": "Gracia", "url": "http://www.temptalia.com/product/guerlain-rouge-g-de-guerlain-lip-color/gracia", "review": "A", "user_rating": "5", "permanence": "P", "rgb": [183, 56, 48], "color_name": "pink", "image_url": "http://www.temptalia.com/wp-content/uploads/2014/10/guerlain_gracia004-400x355.jpg", "price": "$51.00", "price_per_ounce": 425.0}, {"full_text": "Permanent. $51.00/0.12 oz.", "brand": "Guerlain", "name": "Garconne", "url": "http://www.temptalia.com/product/guerlain-rouge-g-de-guerlain-lip-color/garconne", "review": "A+", "user_rating": "4", "permanence": "P", "rgb": [95, 3, 0], "color_name": "burgundy", "image_url": "http://www.temptalia.com/wp-content/uploads/2011/08/guerlain_garconne003-400x355.jpg", "price": "$51.00", "price_per_ounce": 425.0}, {"full_text": "Permanent. $51.00/0.12 oz.", "brand": "Guerlain", "name": "Gemma", "url": "http://www.temptalia.com/product/guerlain-rouge-g-de-guerlain-lip-color/gemma", "review": "A", "user_rating": "4", "permanence": "P", "rgb": [203, 89, 65], "color_name": "pink", "image_url": "http://www.temptalia.com/wp-content/uploads/2014/10/guerlain_gemma004-400x355.jpg", "price": "$51.00", "price_per_ounce": 425.0}, {"full_text": "Permanent. $51.00/0.12 oz.", "brand": "Guerlain", "name": "Genna", "url": "http://www.temptalia.com/product/guerlain-rouge-g-de-guerlain-lip-color/genna", "review": "A+", "user_rating": "4", "permanence": "P", "rgb": [135, 12, 14], "color_name": "red", "image_url": "http://www.temptalia.com/wp-content/uploads/2012/08/guerlain_genna004-400x355.jpg", "price": "$51.00", "price_per_ounce": 425.0}, {"full_text": "Permanent. $51.00/0.12 oz.", "brand": "Guerlain", "name": "Georgia", "url": "http://www.temptalia.com/product/guerlain-rouge-g-de-guerlain-lip-color/georgia", "review": "A", "user_rating": "5", "permanence": "P", "rgb": [211, 82, 63], "color_name": "pink", "image_url": "http://www.temptalia.com/wp-content/uploads/2014/10/guerlain_georgia004-400x355.jpg", "price": "$51.00", "price_per_ounce": 425.0}, {"full_text": "Permanent. $51.00/0.12 oz.", "brand": "Guerlain", "name": "Gigi", "url": "http://www.temptalia.com/product/guerlain-rouge-g-de-guerlain-lip-color/gigi", "review": "A", "user_rating": "5", "permanence": "P", "rgb": [202, 48, 7], "color_name": "pink", "image_url": "http://www.temptalia.com/wp-content/uploads/2014/10/guerlain_gigi004-400x355.jpg", "price": "$51.00", "price_per_ounce": 425.0}, {"full_text": "Limited Edition. $51.00/0.12 oz.", "brand": "Guerlain", "name": "Gigolo", "url": "http://www.temptalia.com/product/guerlain-rouge-g-de-guerlain-lip-color/gigolo", "review": "-", "user_rating": "4", "permanence": "LE", "rgb": [69, 3, 0], "color_name": "burgundy", "image_url": "http://www.temptalia.com/wp-content/uploads/2011/08/guerlain_gigolo003-400x355.jpg", "price": "$51.00", "price_per_ounce": 425.0}, {"full_text": "Permanent. $51.00/0.12 oz.", "brand": "Guerlain", "name": "Gilda", "url": "http://www.temptalia.com/product/guerlain-rouge-g-de-guerlain-lip-color/gilda", "review": "A+", "user_rating": "5", "permanence": "P", "rgb": [191, 21, 20], "color_name": "pink", "image_url": "http://www.temptalia.com/wp-content/uploads/2014/10/guerlain_gilda004-400x355.jpg", "price": "$51.00", "price_per_ounce": 425.0}, {"full_text": "Limited Edition. $51.00/0.12 oz.", "brand": "Guerlain", "name": "Gillian", "url": "http://www.temptalia.com/product/guerlain-rouge-g-de-guerlain-lip-color/gillian", "review": "-", "user_rating": "4", "permanence": "LE", "rgb": [146, 49, 49], "color_name": "red", "image_url": "http://www.temptalia.com/wp-content/uploads/2010/09/guerlain_gilianrougeg003-400x355.jpg", "price": "$51.00", "price_per_ounce": 425.0}, {"full_text": "Permanent. $51.00/0.12 oz.", "brand": "Guerlain", "name": "Gina", "url": "http://www.temptalia.com/product/guerlain-rouge-g-de-guerlain-lip-color/gina", "review": "A+", "user_rating": "0", "permanence": "P", "rgb": [199, 19, 26], "color_name": "pink", "image_url": "http://www.temptalia.com/wp-content/uploads/2014/10/guerlain_gina004-400x355.jpg", "price": "$51.00", "price_per_ounce": 425.0}, {"full_text": "Limited Edition. $51.00/0.12 oz.", "brand": "Guerlain", "name": "Giny", "url": "http://www.temptalia.com/product/guerlain-rouge-g-de-guerlain-lip-color/giny", "review": "-", "user_rating": "0", "permanence": "LE", "rgb": [135, 31, 38], "color_name": "red", "image_url": "http://www.temptalia.com/wp-content/uploads/2010/10/guerlain_ginyrougeg003-400x355.jpg", "price": "$51.00", "price_per_ounce": 425.0}, {"full_text": "Permanent. $51.00/0.12 oz.", "brand": "Guerlain", "name": "Gipsy", "url": "http://www.temptalia.com/product/guerlain-rouge-g-de-guerlain-lip-color/gipsy", "review": "A", "user_rating": "3", "permanence": "P", "rgb": [220, 44, 50], "color_name": "pink", "image_url": "http://www.temptalia.com/wp-content/uploads/2014/10/guerlain_gipsy004-400x355.jpg", "price": "$51.00", "price_per_ounce": 425.0}, {"full_text": "Permanent. $51.00/0.12 oz.", "brand": "Guerlain", "name": "Gisela", "url": "http://www.temptalia.com/product/guerlain-rouge-g-de-guerlain-lip-color/gisela", "review": "A+", "user_rating": "5", "permanence": "P", "rgb": [117, 10, 13], "color_name": "red", "image_url": "http://www.temptalia.com/wp-content/uploads/2012/07/guerlain_gisela004-400x355.jpg", "price": "$51.00", "price_per_ounce": 425.0}, {"full_text": "Discontinued. $51.00/0.12 oz.", "brand": "Guerlain", "name": "Giulette", "url": "http://www.temptalia.com/product/guerlain-rouge-g-de-guerlain-lip-color/giulette", "review": "-", "user_rating": "0", "permanence": "DC", "rgb": [183, 54, 38], "color_name": "pink", "image_url": "http://www.temptalia.com/wp-content/uploads/2010/01/guerlain_giulette003-400x355.jpg", "price": "$51.00", "price_per_ounce": 425.0}, {"full_text": "Discontinued. $51.00/0.12 oz.", "brand": "Guerlain", "name": "Gracieuse", "url": "http://www.temptalia.com/product/guerlain-rouge-g-de-guerlain-lip-color/gracieuse", "review": "-", "user_rating": "0", "permanence": "DC", "rgb": [131, 24, 32], "color_name": "red", "image_url": "http://www.temptalia.com/wp-content/uploads/2010/08/guerlain_gracieuse003-400x355.jpg", "price": "$51.00", "price_per_ounce": 425.0}, {"full_text": "Permanent. $51.00/0.12 oz.", "brand": "Guerlain", "name": "Gracy", "url": "http://www.temptalia.com/product/guerlain-rouge-g-de-guerlain-lip-color/gracy", "review": "A", "user_rating": "5", "permanence": "P", "rgb": [152, 38, 25], "color_name": "red", "image_url": "http://www.temptalia.com/wp-content/uploads/2012/08/guerlain_gracy004-400x355.jpg", "price": "$51.00", "price_per_ounce": 425.0}, {"full_text": "Limited Edition. $51.00/0.12 oz.", "brand": "Guerlain", "name": "Grenade", "url": "http://www.temptalia.com/product/guerlain-rouge-g-de-guerlain-lip-color/grenade", "review": "A+", "user_rating": "4", "permanence": "LE", "rgb": [130, 19, 12], "color_name": "red", "image_url": "http://www.temptalia.com/wp-content/uploads/2010/11/guerlain_grenade003-400x355.jpg", "price": "$51.00", "price_per_ounce": 425.0}, {"full_text": "Permanent. $51.00/0.12 oz.", "brand": "Guerlain", "name": "Greta", "url": "http://www.temptalia.com/product/guerlain-rouge-g-de-guerlain-lip-color/greta", "review": "A+", "user_rating": "0", "permanence": "P", "rgb": [190, 14, 1], "color_name": "red", "image_url": "http://www.temptalia.com/wp-content/uploads/2014/10/guerlain_greta004-400x355.jpg", "price": "$51.00", "price_per_ounce": 425.0}, {"full_text": "Limited Edition. $51.00/0.12 oz.", "brand": "Guerlain", "name": "Gwen", "url": "http://www.temptalia.com/product/guerlain-rouge-g-de-guerlain-lip-color/gwen", "review": "-", "user_rating": "0", "permanence": "LE", "rgb": [122, 4, 1], "color_name": "red", "image_url": "http://www.temptalia.com/wp-content/uploads/2010/08/guerlain_gwen003-400x355.jpg", "price": "$51.00", "price_per_ounce": 425.0}, {"full_text": "Limited Edition. $51.00/0.12 oz.", "brand": "Guerlain", "name": "Rose Barbare", "url": "http://www.temptalia.com/product/guerlain-rouge-g-de-guerlain-lip-color/rose-barbare", "review": "-", "user_rating": "3", "permanence": "LE", "rgb": [141, 62, 44], "color_name": "red", "image_url": "http://www.temptalia.com/wp-content/uploads/2012/01/guerlain_rosebarbare003-400x355.jpg", "price": "$51.00", "price_per_ounce": 425.0}, {"full_text": "Limited Edition. $37.00/0.12 oz.", "brand": "Guerlain", "name": "Ballade", "url": "http://www.temptalia.com/product/guerlain-rouge-automatique-lip-color/ballade", "review": "-", "user_rating": "0", "permanence": "LE", "rgb": [137, 37, 36], "color_name": "red", "image_url": "http://www.temptalia.com/wp-content/uploads/2012/12/guerlain_ballarde004-400x355.jpg", "price": "$37.00", "price_per_ounce": 308.33333333333337}, {"full_text": "Permanent. $49.50/0.20 oz.", "brand": "Guerlain", "name": "Avarice", "url": "http://www.temptalia.com/product/guerlain-rouge-g-de-guerlain-lextrait/avarice", "review": "-", "user_rating": "5", "permanence": "P", "rgb": [138, 33, 33], "color_name": "red", "image_url": "http://www.temptalia.com/wp-content/uploads/2012/10/guerlain_avarice003-400x355.jpg", "price": "$49.50", "price_per_ounce": 247.5}, {"full_text": "Permanent. $49.50/0.20 oz.", "brand": "Guerlain", "name": "Gourmandise", "url": "http://www.temptalia.com/product/guerlain-rouge-g-de-guerlain-lextrait/gourmandise", "review": "A", "user_rating": "4", "permanence": "P", "rgb": [163, 36, 18], "color_name": "red", "image_url": "http://www.temptalia.com/wp-content/uploads/2012/07/guerlain_gourmandise004-400x355.jpg", "price": "$49.50", "price_per_ounce": 247.5}, {"full_text": "Permanent. $49.50/0.20 oz.", "brand": "Guerlain", "name": "Luxure", "url": "http://www.temptalia.com/product/guerlain-rouge-g-de-guerlain-lextrait/luxure", "review": "A", "user_rating": "5", "permanence": "P", "rgb": [103, 11, 11], "color_name": "red", "image_url": "http://www.temptalia.com/wp-content/uploads/2012/07/guerlain_luxure004-400x355.jpg", "price": "$49.50", "price_per_ounce": 247.5}, {"full_text": "Permanent. $49.50/0.20 oz.", "brand": "Guerlain", "name": "Orgueil", "url": "http://www.temptalia.com/product/guerlain-rouge-g-de-guerlain-lextrait/orgueil", "review": "-", "user_rating": "4", "permanence": "P", "rgb": [84, 9, 3], "color_name": "burgundy", "image_url": "http://www.temptalia.com/wp-content/uploads/2012/10/guerlain_orgueil003-400x355.jpg", "price": "$49.50", "price_per_ounce": 247.5}, {"full_text": "Limited Edition. $51.00/0.12 oz.", "brand": "Guerlain", "name": "Bee", "url": "http://www.temptalia.com/product/guerlain-rouge-g-de-guerlain-lip-color/bee", "review": "-", "user_rating": "4", "permanence": "LE", "rgb": [97, 22, 7], "color_name": "red", "image_url": "http://www.temptalia.com/wp-content/uploads/2010/12/guerlain_bee003-400x355.jpg", "price": "$51.00", "price_per_ounce": 425.0}, {"full_text": "Permanent. $51.00/0.12 oz.", "brand": "Guerlain", "name": "Gabrielle", "url": "http://www.temptalia.com/product/guerlain-rouge-g-de-guerlain-lip-color/gabrielle", "review": "B+", "user_rating": "4", "permanence": "P", "rgb": [201, 90, 88], "color_name": "pink", "image_url": "http://www.temptalia.com/wp-content/uploads/2014/10/guerlain_gabrielle004-400x355.jpg", "price": "$51.00", "price_per_ounce": 425.0}, {"full_text": "Permanent. $51.00/0.12 oz.", "brand": "Guerlain", "name": "Gala", "url": "http://www.temptalia.com/product/guerlain-rouge-g-de-guerlain-lip-color/gala", "review": "A+", "user_rating": "0", "permanence": "P", "rgb": [180, 21, 11], "color_name": "red", "image_url": "http://www.temptalia.com/wp-content/uploads/2014/10/guerlain_gala004-400x355.jpg", "price": "$51.00", "price_per_ounce": 425.0}, {"full_text": "Discontinued. $51.00/0.12 oz.", "brand": "Guerlain", "name": "Galante", "url": "http://www.temptalia.com/product/guerlain-rouge-g-de-guerlain-lip-color/galante", "review": "-", "user_rating": "0", "permanence": "DC", "rgb": [149, 32, 33], "color_name": "red", "image_url": "http://www.temptalia.com/wp-content/uploads/2010/07/guerlain_galante003-400x355.jpg", "price": "$51.00", "price_per_ounce": 425.0}, {"full_text": "Permanent. $37.00/0.12 oz.", "brand": "Guerlain", "name": "Shalimar", "url": "http://www.temptalia.com/product/guerlain-rouge-automatique-lip-color/shalimar", "review": "-", "user_rating": "4", "permanence": "P", "rgb": [125, 33, 1], "color_name": "fuchsia", "image_url": "http://www.temptalia.com/wp-content/uploads/2011/07/guerlain_166automatique003-400x355.jpg", "price": "$37.00", "price_per_ounce": 308.33333333333337}, {"full_text": "Permanent. $37.00/0.12 oz.", "brand": "Guerlain", "name": "Vega", "url": "http://www.temptalia.com/product/guerlain-rouge-automatique-lip-color/vega", "review": "-", "user_rating": "5", "permanence": "P", "rgb": [102, 4, 1], "color_name": "red", "image_url": "http://www.temptalia.com/wp-content/uploads/2012/01/guerlain_125rougeautomatique003-400x355.jpg", "price": "$37.00", "price_per_ounce": 308.33333333333337}, {"full_text": "Permanent. $37.00/0.12 oz.", "brand": "Guerlain", "name": "Voilette de Madame", "url": "http://www.temptalia.com/product/guerlain-rouge-automatique-lip-color/voilette-de-madame", "review": "-", "user_rating": "0", "permanence": "P", "rgb": [123, 31, 32], "color_name": "red", "image_url": "http://www.temptalia.com/wp-content/uploads/2011/12/guerlain_101automatique003-400x355.jpg", "price": "$37.00", "price_per_ounce": 308.33333333333337}, {"full_text": "Permanent. $37.00/0.12 oz.", "brand": "Guerlain", "name": "Guet-Apens", "url": "http://www.temptalia.com/product/guerlain-rouge-automatique-lip-color/guet-apens", "review": "-", "user_rating": "5", "permanence": "P", "rgb": [117, 25, 15], "color_name": "red", "image_url": "http://www.temptalia.com/wp-content/uploads/2012/04/guerlain_167rougeautomatique003-400x355.jpg", "price": "$37.00", "price_per_ounce": 308.33333333333337}, {"full_text": "Permanent. $37.00/0.12 oz.", "brand": "Guerlain", "name": "Habit Rouge", "url": "http://www.temptalia.com/product/guerlain-rouge-automatique-lip-color/habit-rouge", "review": "-", "user_rating": "4", "permanence": "P", "rgb": [102, 8, 9], "color_name": "red", "image_url": "http://www.temptalia.com/wp-content/uploads/2011/11/guerlain_123automatique003-400x355.jpg", "price": "$37.00", "price_per_ounce": 308.33333333333337}, {"full_text": "Permanent. $37.00/0.12 oz.", "brand": "Guerlain", "name": "Jicky", "url": "http://www.temptalia.com/product/guerlain-rouge-automatique-lip-color/jicky", "review": "-", "user_rating": "0", "permanence": "P", "rgb": [134, 39, 40], "color_name": "red", "image_url": "http://www.temptalia.com/wp-content/uploads/2011/12/guerlain_104rougeautomatique003-400x355.jpg", "price": "$37.00", "price_per_ounce": 308.33333333333337}, {"full_text": "Permanent. $37.00/0.12 oz.", "brand": "Guerlain", "name": "L'Heure Bleue", "url": "http://www.temptalia.com/product/guerlain-rouge-automatique-lip-color/lheure-bleue", "review": "-", "user_rating": "4", "permanence": "P", "rgb": [111, 11, 7], "color_name": "red", "image_url": "http://www.temptalia.com/wp-content/uploads/2012/01/guerlain_168rougeautomatique003-400x355.jpg", "price": "$37.00", "price_per_ounce": 308.33333333333337}, {"full_text": "Permanent. $37.00/0.12 oz.", "brand": "Guerlain", "name": "Mitsouko", "url": "http://www.temptalia.com/product/guerlain-rouge-automatique-lip-color/mitsouko", "review": "C+", "user_rating": "4", "permanence": "P", "rgb": [134, 32, 31], "color_name": "red", "image_url": "http://www.temptalia.com/wp-content/uploads/2011/04/guerlain_140rougeautomatique003-400x355.jpg", "price": "$37.00", "price_per_ounce": 308.33333333333337}, {"full_text": "Permanent. $37.00/0.12 oz.", "brand": "Guerlain", "name": "Nahema", "url": "http://www.temptalia.com/product/guerlain-rouge-automatique-lip-color/nahema", "review": "-", "user_rating": "4", "permanence": "P", "rgb": [158, 41, 34], "color_name": "red", "image_url": "http://www.temptalia.com/wp-content/uploads/2012/02/guerlain_143rougeautomatique003-400x355.jpg", "price": "$37.00", "price_per_ounce": 308.33333333333337}, {"full_text": "Limited Edition. $37.00/0.12 oz.", "brand": "Guerlain", "name": "Nuit d'Amour", "url": "http://www.temptalia.com/product/guerlain-rouge-automatique-lip-color/nuit-damour", "review": "B+", "user_rating": "0", "permanence": "LE", "rgb": [68, 6, 2], "color_name": "burgundy", "image_url": "http://www.temptalia.com/wp-content/uploads/2011/09/guerlain_nuitdamour004-400x355.jpg", "price": "$37.00", "price_per_ounce": 308.33333333333337}, {"full_text": "Permanent. $37.00/0.12 oz.", "brand": "Guerlain", "name": "Quand Vient l'Ete", "url": "http://www.temptalia.com/product/guerlain-rouge-automatique-lip-color/quand-vient-lete", "review": "-", "user_rating": "0", "permanence": "P", "rgb": [141, 24, 23], "color_name": "red", "image_url": "http://www.temptalia.com/wp-content/uploads/2012/04/guerlain_141rougeautomatique003-400x355.jpg", "price": "$37.00", "price_per_ounce": 308.33333333333337}, {"full_text": "Limited Edition. $37.00/0.12 oz.", "brand": "Guerlain", "name": "Romance", "url": "http://www.temptalia.com/product/guerlain-rouge-automatique-lip-color/romance", "review": "-", "user_rating": "0", "permanence": "LE", "rgb": [171, 66, 61], "color_name": "pink", "image_url": "http://www.temptalia.com/wp-content/uploads/2013/01/guerlain_romance004-400x355.jpg", "price": "$37.00", "price_per_ounce": 308.33333333333337}, {"full_text": "Permanent. $37.00/0.12 oz.", "brand": "Guerlain", "name": "Rose Bengale", "url": "http://www.temptalia.com/product/guerlain-rouge-automatique-lip-color/rose-bengale", "review": "A", "user_rating": "0", "permanence": "P", "rgb": [139, 35, 26], "color_name": "red", "image_url": "http://www.temptalia.com/wp-content/uploads/2012/02/guerlain_163rougeautomatique003-400x355.jpg", "price": "$37.00", "price_per_ounce": 308.33333333333337}, {"full_text": "Permanent. $37.00/0.12 oz.", "brand": "Guerlain", "name": "Samsara", "url": "http://www.temptalia.com/product/guerlain-rouge-automatique-lip-color/samsara", "review": "-", "user_rating": "5", "permanence": "P", "rgb": [103, 1, 0], "color_name": "red", "image_url": "http://www.temptalia.com/wp-content/uploads/2012/01/guerlain_124rougeautomatique003-400x355.jpg", "price": "$37.00", "price_per_ounce": 308.33333333333337}, {"full_text": "Permanent. $37.00/0.12 oz.", "brand": "Guerlain", "name": "Apres L'Ondee", "url": "http://www.temptalia.com/product/guerlain-rouge-automatique-lip-color/apres-londee", "review": "-", "user_rating": "5", "permanence": "P", "rgb": [137, 41, 33], "color_name": "red", "image_url": "http://www.temptalia.com/wp-content/uploads/2011/08/guerlain_100automatique003-400x355.jpg", "price": "$37.00", "price_per_ounce": 308.33333333333337}, {"full_text": "Permanent. $37.00/0.12 oz.", "brand": "Guerlain", "name": "Bal de Mai", "url": "http://www.temptalia.com/product/guerlain-rouge-automatique-lip-color/bal-de-mai", "review": "-", "user_rating": "4", "permanence": "P", "rgb": [105, 18, 6], "color_name": "red", "image_url": "http://www.temptalia.com/wp-content/uploads/2011/07/guerlain_160automatique003-400x355.jpg", "price": "$37.00", "price_per_ounce": 308.33333333333337}, {"full_text": "Permanent. $37.00/0.12 oz.", "brand": "Guerlain", "name": "Bloom of Rose", "url": "http://www.temptalia.com/product/guerlain-rouge-automatique-lip-color/bloom-of-rose", "review": "-", "user_rating": "0", "permanence": "P", "rgb": [151, 43, 35], "color_name": "red", "image_url": "http://www.temptalia.com/wp-content/uploads/2012/02/guerlain_162rougeautomatique003-400x355.jpg", "price": "$37.00", "price_per_ounce": 308.33333333333337}, {"full_text": "Permanent. $37.00/0.12 oz.", "brand": "Guerlain", "name": "Chamade", "url": "http://www.temptalia.com/product/guerlain-rouge-automatique-lip-color/chamade", "review": "-", "user_rating": "4", "permanence": "P", "rgb": [133, 19, 13], "color_name": "red", "image_url": "http://www.temptalia.com/wp-content/uploads/2012/01/guerlain_164rougeautomatique003-400x355.jpg", "price": "$37.00", "price_per_ounce": 308.33333333333337}, {"full_text": "Permanent. $37.00/0.12 oz.", "brand": "Guerlain", "name": "Champs-Elysees", "url": "http://www.temptalia.com/product/guerlain-rouge-automatique-lip-color/champs-elysees", "review": "A", "user_rating": "4", "permanence": "P", "rgb": [131, 20, 0], "color_name": "red", "image_url": "http://www.temptalia.com/wp-content/uploads/2011/04/guerlain_165automatique002-400x355.jpg", "price": "$37.00", "price_per_ounce": 308.33333333333337}, {"full_text": "Permanent. $37.00/0.12 oz.", "brand": "Guerlain", "name": "Chant d'Aromes", "url": "http://www.temptalia.com/product/guerlain-rouge-automatique-lip-color/chant-daromes", "review": "-", "user_rating": "0", "permanence": "P", "rgb": [123, 29, 35], "color_name": "red", "image_url": "http://www.temptalia.com/wp-content/uploads/2012/02/guerlain_103rougeautomatique003-400x355.jpg", "price": "$37.00", "price_per_ounce": 308.33333333333337}, {"full_text": "Permanent. $37.00/0.12 oz.", "brand": "Guerlain", "name": "Cherry Blossom", "url": "http://www.temptalia.com/product/guerlain-rouge-automatique-lip-color/cherry-blossom", "review": "B+", "user_rating": "0", "permanence": "P", "rgb": [148, 40, 37], "color_name": "red", "image_url": "http://www.temptalia.com/wp-content/uploads/2011/04/guerlain_161rougeautomatique003-400x355.jpg", "price": "$37.00", "price_per_ounce": 308.33333333333337}, {"full_text": "Permanent. $37.00/0.12 oz.", "brand": "Guerlain", "name": "Coque d'Or", "url": "http://www.temptalia.com/product/guerlain-rouge-automatique-lip-color/coque-dor", "review": "-", "user_rating": "4", "permanence": "P", "rgb": [114, 12, 8], "color_name": "red", "image_url": "http://www.temptalia.com/wp-content/uploads/2011/11/guerlain_120automatique003-400x355.jpg", "price": "$37.00", "price_per_ounce": 308.33333333333337}, {"full_text": "Limited Edition. $34.00", "brand": "Guerlain", "name": "Brun Satin", "url": "http://www.temptalia.com/product/guerlain-kiss-kiss-strass-lip-color/brun-satin", "review": "-", "user_rating": "0", "permanence": "LE", "rgb": [153, 47, 51], "color_name": "red", "image_url": "http://www.temptalia.com/wp-content/uploads/2010/12/guerlain_brunsatin002-400x355.jpg", "price": "$34.00", "price_per_ounce": "NA"}, {"full_text": "Limited Edition. ", "brand": "Giorgio Armani", "name": "Moonlight White #4", "url": "http://www.temptalia.com/product/giorgio-armani-lipstick/moonlight-white-4", "review": "-", "user_rating": "0", "permanence": "LE", "rgb": [138, 30, 25], "color_name": "red", "image_url": "http://www.temptalia.com/wp-content/uploads/2012/11/giorgioarmani_2whitenight012-400x355.jpg", "price": "$0.00", "price_per_ounce": "NA"}, {"full_text": "Limited Edition. ", "brand": "Giorgio Armani", "name": "Moonlight Beige #3", "url": "http://www.temptalia.com/product/giorgio-armani-lipstick/moonlight-beige-3", "review": "-", "user_rating": "0", "permanence": "LE", "rgb": [138, 54, 60], "color_name": "nude", "image_url": "http://www.temptalia.com/wp-content/uploads/2012/11/giorgioarmani_1whitenight013-400x355.jpg", "price": "$0.00", "price_per_ounce": "NA"}, {"full_text": "Permanent. $32.00/0.14 oz.", "brand": "Giorgio Armani", "name": "#526", "url": "http://www.temptalia.com/product/giorgio-armani-rouge-darmani-lipstick/526-2", "review": "-", "user_rating": "5", "permanence": "P", "rgb": [119, 28, 25], "color_name": "red", "image_url": "http://www.temptalia.com/wp-content/uploads/2012/10/giorgioarmani_526rougedarmani004-400x355.jpg", "price": "$32.00", "price_per_ounce": 228.57142857142856}, {"full_text": "Permanent. $32.00/0.14 oz.", "brand": "Giorgio Armani", "name": "#406", "url": "http://www.temptalia.com/product/giorgio-armani-rouge-darmani-lipstick/406-2", "review": "A+", "user_rating": "5", "permanence": "P", "rgb": [112, 14, 8], "color_name": "red", "image_url": "http://www.temptalia.com/wp-content/uploads/2011/12/giorgioarmani_406rougedarmani003-400x355.jpg", "price": "$32.00", "price_per_ounce": 228.57142857142856}, {"full_text": "Permanent. $32.00/0.14 oz.", "brand": "Giorgio Armani", "name": "#408", "url": "http://www.temptalia.com/product/giorgio-armani-rouge-darmani-lipstick/408-2", "review": "A", "user_rating": "4", "permanence": "P", "rgb": [84, 14, 10], "color_name": "burgundy", "image_url": "http://www.temptalia.com/wp-content/uploads/2012/09/giorgioarmani_408rougedarmani004-400x355.jpg", "price": "$32.00", "price_per_ounce": 228.57142857142856}, {"full_text": "Permanent. $32.00/0.14 oz.", "brand": "Giorgio Armani", "name": "#111", "url": "http://www.temptalia.com/product/giorgio-armani-rouge-darmani-lipstick/111-2", "review": "-", "user_rating": "0", "permanence": "P", "rgb": [141, 46, 49], "color_name": "red", "image_url": "http://www.temptalia.com/wp-content/uploads/2012/09/giorgioarmani_111rougedarmani005-400x355.jpg", "price": "$32.00", "price_per_ounce": 228.57142857142856}, {"full_text": "Permanent. $32.00/0.22 oz.", "brand": "Giorgio Armani", "name": "#402", "url": "http://www.temptalia.com/product/giorgio-armani-lip-maestro/402-2", "review": "-", "user_rating": "4", "permanence": "P", "rgb": [174, 4, 7], "color_name": "red", "image_url": "http://www.temptalia.com/wp-content/uploads/2013/04/giorgioarmani_402lipmaestro004-400x355.jpg", "price": "$32.00", "price_per_ounce": 145.45454545454547}, {"full_text": "Limited Edition. $25.00", "brand": "Estee Lauder", "name": "Demure", "url": "http://www.temptalia.com/product/estee-lauder-pure-color-sheer-matte-lipstick/demure", "review": "D+", "user_rating": "0", "permanence": "LE", "rgb": [159, 44, 28], "color_name": "red", "image_url": "http://www.temptalia.com/wp-content/uploads/2013/02/esteelauder_demuresheermatte004-400x355.jpg", "price": "$25.00", "price_per_ounce": "NA"}, {"full_text": "Limited Edition. $25.00", "brand": "Estee Lauder", "name": "Naked", "url": "http://www.temptalia.com/product/estee-lauder-pure-color-sheer-matte-lipstick/naked", "review": "B", "user_rating": "0", "permanence": "LE", "rgb": [209, 85, 92], "color_name": "pink", "image_url": "http://www.temptalia.com/wp-content/uploads/2013/02/esteelauder_nakedsheermatte004-400x355.jpg", "price": "$25.00", "price_per_ounce": "NA"}, {"full_text": "Limited Edition. $25.00", "brand": "Estee Lauder", "name": "Rock Candy", "url": "http://www.temptalia.com/product/estee-lauder-pure-color-sheer-matte-lipstick/rock-candy", "review": "B-", "user_rating": "0", "permanence": "LE", "rgb": [197, 35, 47], "color_name": "pink", "image_url": "http://www.temptalia.com/wp-content/uploads/2013/02/esteelauder_rockcandysheermatte004-400x355.jpg", "price": "$25.00", "price_per_ounce": "NA"}, {"full_text": "Discontinued. $34.00/0.07 oz.", "brand": "Dior", "name": "Coral Crystal", "url": "http://www.temptalia.com/product/dior-serum-de-rouge-luminous-color-lip-treamtent-spf-20/coral-crystal", "review": "B-", "user_rating": "0", "permanence": "DC", "rgb": [130, 41, 43], "color_name": "red", "image_url": "http://www.temptalia.com/wp-content/uploads/2011/12/dior_345serum003-400x355.jpg", "price": "$34.00", "price_per_ounce": 485.71428571428567}, {"full_text": "Limited Edition. $32.00/0.12 oz.", "brand": "Dior", "name": "Versailles", "url": "http://www.temptalia.com/product/dior-rouge-dior-lip-color/versailles", "review": "B+", "user_rating": "0", "permanence": "LE", "rgb": [93, 16, 15], "color_name": "red", "image_url": "http://www.temptalia.com/wp-content/uploads/2011/11/dior_versailles003-400x355.jpg", "price": "$32.00", "price_per_ounce": 266.6666666666667}, {"full_text": "Limited Edition. $32.00/0.12 oz.", "brand": "Dior", "name": "Nocturne", "url": "http://www.temptalia.com/product/dior-rouge-dior-lip-color/nocturne", "review": "A", "user_rating": "5", "permanence": "LE", "rgb": [86, 13, 9], "color_name": "burgundy", "image_url": "http://www.temptalia.com/wp-content/uploads/2011/10/dior_nocturne003-400x355.jpg", "price": "$32.00", "price_per_ounce": 266.6666666666667}, {"full_text": "Limited Edition. $32.00/0.12 oz.", "brand": "Dior", "name": "Or Etoile", "url": "http://www.temptalia.com/product/dior-rouge-dior-lip-color/or-etoile", "review": "-", "user_rating": "4", "permanence": "LE", "rgb": [118, 39, 41], "color_name": "red", "image_url": "http://www.temptalia.com/wp-content/uploads/2011/11/dior_oretoile003-400x355.jpg", "price": "$32.00", "price_per_ounce": 266.6666666666667}, {"full_text": "Limited Edition. $32.00/0.12 oz.", "brand": "Dior", "name": "Belle de Nuit", "url": "http://www.temptalia.com/product/dior-rouge-dior-lip-color/belle-de-nuit", "review": "-", "user_rating": "0", "permanence": "LE", "rgb": [103, 16, 15], "color_name": "red", "image_url": "http://www.temptalia.com/wp-content/uploads/2011/11/dior_belledenuit003-400x355.jpg", "price": "$32.00", "price_per_ounce": 266.6666666666667}, {"full_text": "Limited Edition. $36.00/0.12 oz.", "brand": "Dior", "name": "Diva", "url": "http://www.temptalia.com/product/dior-diorific-lipstick/diva", "review": "-", "user_rating": "5", "permanence": "LE", "rgb": [111, 12, 9], "color_name": "red", "image_url": "http://www.temptalia.com/wp-content/uploads/2012/10/dior_divalipstick003-400x355.jpg", "price": "$36.00", "price_per_ounce": 300.0}, {"full_text": "Limited Edition. $36.00/0.12 oz.", "brand": "Dior", "name": "Lady", "url": "http://www.temptalia.com/product/dior-diorific-lipstick/lady", "review": "-", "user_rating": "5", "permanence": "LE", "rgb": [106, 10, 7], "color_name": "red", "image_url": "http://www.temptalia.com/wp-content/uploads/2012/10/dior_ladylipstick003-400x355.jpg", "price": "$36.00", "price_per_ounce": 300.0}, {"full_text": "Limited Edition. $36.00/0.12 oz.", "brand": "Dior", "name": "Marilyn", "url": "http://www.temptalia.com/product/dior-diorific-lipstick/marilyn", "review": "-", "user_rating": "5", "permanence": "LE", "rgb": [111, 13, 5], "color_name": "red", "image_url": "http://www.temptalia.com/wp-content/uploads/2012/10/dior_marilynlipstick003-400x355.jpg", "price": "$36.00", "price_per_ounce": 300.0}, {"full_text": "Limited Edition. $36.00/0.12 oz.", "brand": "Dior", "name": "Diorling", "url": "http://www.temptalia.com/product/dior-diorific-lipstick/diorling", "review": "-", "user_rating": "5", "permanence": "LE", "rgb": [104, 7, 5], "color_name": "red", "image_url": "http://www.temptalia.com/wp-content/uploads/2012/10/dior_diorlinglipstick005-400x355.jpg", "price": "$36.00", "price_per_ounce": 300.0}, {"full_text": "Permanent. $31.00/0.12 oz.", "brand": "Dior", "name": "Espiegle", "url": "http://www.temptalia.com/product/dior-addict-lip-color/espiegle", "review": "-", "user_rating": "0", "permanence": "P", "rgb": [157, 57, 55], "color_name": "pink", "image_url": "http://www.temptalia.com/wp-content/uploads/2012/12/dior_espiegle004-400x355.jpg", "price": "$31.00", "price_per_ounce": 258.33333333333337}, {"full_text": "Permanent. $31.00/0.12 oz.", "brand": "Dior", "name": "Candide", "url": "http://www.temptalia.com/product/dior-addict-lip-color/candide", "review": "-", "user_rating": "0", "permanence": "P", "rgb": [149, 63, 57], "color_name": "nude", "image_url": "http://www.temptalia.com/wp-content/uploads/2012/12/dior_candide004-400x355.jpg", "price": "$31.00", "price_per_ounce": 258.33333333333337}, {"full_text": "Permanent. $31.00/0.12 oz.", "brand": "Dior", "name": "Charmante", "url": "http://www.temptalia.com/product/dior-addict-lip-color/charmante", "review": "-", "user_rating": "0", "permanence": "P", "rgb": [128, 39, 42], "color_name": "red", "image_url": "http://www.temptalia.com/wp-content/uploads/2012/12/dior_charmante005-400x355.jpg", "price": "$31.00", "price_per_ounce": 258.33333333333337}, {"full_text": "Permanent. $31.00/0.12 oz.", "brand": "Dior", "name": "Incognito", "url": "http://www.temptalia.com/product/dior-addict-extreme-lip-color/incognito", "review": "-", "user_rating": "4", "permanence": "P", "rgb": [134, 50, 51], "color_name": "red", "image_url": "http://www.temptalia.com/wp-content/uploads/2012/08/dior_incognito003-400x355.jpg", "price": "$31.00", "price_per_ounce": 258.33333333333337}, {"full_text": "Permanent. $31.00/0.12 oz.", "brand": "Dior", "name": "Lucky", "url": "http://www.temptalia.com/product/dior-addict-extreme-lip-color/lucky", "review": "-", "user_rating": "4", "permanence": "P", "rgb": [168, 52, 35], "color_name": "red", "image_url": "http://www.temptalia.com/wp-content/uploads/2012/08/dior_lucky003-400x355.jpg", "price": "$31.00", "price_per_ounce": 258.33333333333337}, {"full_text": "Permanent. $35.00/0.10 oz.", "brand": "Chanel", "name": "Bel Ami", "url": "http://www.temptalia.com/product/chanel-rouge-coco-shine-hydrating-sheer-lipshine/bel-ami", "review": "-", "user_rating": "4", "permanence": "P", "rgb": [129, 37, 29], "color_name": "red", "image_url": "http://www.temptalia.com/wp-content/uploads/2011/07/chanel_belami003-400x355.jpg", "price": "$35.00", "price_per_ounce": 350.0}, {"full_text": "Permanent. $35.00/0.10 oz.", "brand": "Chanel", "name": "Boy", "url": "http://www.temptalia.com/product/chanel-rouge-coco-shine-hydrating-sheer-lipshine/boy", "review": "-", "user_rating": "4", "permanence": "P", "rgb": [225, 166, 175], "color_name": "pink", "image_url": "http://www.temptalia.com/wp-content/uploads/2011/02/chanel_boy005-400x355.jpg", "price": "$35.00", "price_per_ounce": 350.0}, {"full_text": "Permanent. $35.00/0.10 oz.", "brand": "Chanel", "name": "Candeur", "url": "http://www.temptalia.com/product/chanel-rouge-coco-shine-hydrating-sheer-lipshine/candeur", "review": "-", "user_rating": "4", "permanence": "P", "rgb": [144, 68, 60], "color_name": "nude", "image_url": "http://www.temptalia.com/wp-content/uploads/2012/01/chanel_candeur003-400x355.jpg", "price": "$35.00", "price_per_ounce": 350.0}, {"full_text": "Limited Edition. $35.00/0.10 oz.", "brand": "Chanel", "name": "Empreinte", "url": "http://www.temptalia.com/product/chanel-rouge-coco-shine-hydrating-sheer-lipshine/empreinte", "review": "B", "user_rating": "4", "permanence": "LE", "rgb": [133, 46, 50], "color_name": "red", "image_url": "http://www.temptalia.com/wp-content/uploads/2012/05/chanel_empreintecoco010-400x355.jpg", "price": "$35.00", "price_per_ounce": 350.0}, {"full_text": "Permanent. $35.00/0.10 oz.", "brand": "Chanel", "name": "Fetiche", "url": "http://www.temptalia.com/product/chanel-rouge-coco-shine-hydrating-sheer-lipshine/fetiche", "review": "-", "user_rating": "4", "permanence": "P", "rgb": [138, 51, 42], "color_name": "red", "image_url": "http://www.temptalia.com/wp-content/uploads/2011/07/chanel_fetiche003-400x355.jpg", "price": "$35.00", "price_per_ounce": 350.0}, {"full_text": "Permanent. $35.00/0.10 oz.", "brand": "Chanel", "name": "Flirt", "url": "http://www.temptalia.com/product/chanel-rouge-coco-shine-hydrating-sheer-lipshine/flirt", "review": "-", "user_rating": "5", "permanence": "P", "rgb": [147, 54, 48], "color_name": "red", "image_url": "http://www.temptalia.com/wp-content/uploads/2012/01/chanel_flirt003-400x355.jpg", "price": "$35.00", "price_per_ounce": 350.0}, {"full_text": "Permanent. $35.00/0.10 oz.", "brand": "Chanel", "name": "Liberte", "url": "http://www.temptalia.com/product/chanel-rouge-coco-shine-hydrating-sheer-lipshine/liberte", "review": "-", "user_rating": "4", "permanence": "P", "rgb": [135, 41, 41], "color_name": "red", "image_url": "http://www.temptalia.com/wp-content/uploads/2011/06/chanel_liberte003-400x355.jpg", "price": "$35.00", "price_per_ounce": 350.0}, {"full_text": "Permanent. $35.00/0.10 oz.", "brand": "Chanel", "name": "Monte Carlo", "url": "http://www.temptalia.com/product/chanel-rouge-coco-shine-hydrating-sheer-lipshine/monte-carlo", "review": "-", "user_rating": "4", "permanence": "P", "rgb": [131, 26, 19], "color_name": "red", "image_url": "http://www.temptalia.com/wp-content/uploads/2011/05/chanel_montecarlo005-400x355.jpg", "price": "$35.00", "price_per_ounce": 350.0}, {"full_text": "Permanent. $35.00/0.10 oz.", "brand": "Chanel", "name": "Rebelle", "url": "http://www.temptalia.com/product/chanel-rouge-coco-shine-hydrating-sheer-lipshine/rebelle", "review": "-", "user_rating": "4", "permanence": "P", "rgb": [145, 33, 31], "color_name": "red", "image_url": "http://www.temptalia.com/wp-content/uploads/2012/01/chanel_rebelle003-400x355.jpg", "price": "$35.00", "price_per_ounce": 350.0}, {"full_text": "Permanent. $35.00/0.10 oz.", "brand": "Chanel", "name": "Sari d'Eau", "url": "http://www.temptalia.com/product/chanel-rouge-coco-shine-hydrating-sheer-lipshine/sari-deau", "review": "-", "user_rating": "4", "permanence": "P", "rgb": [176, 22, 34], "color_name": "red", "image_url": "http://www.temptalia.com/wp-content/uploads/2011/05/chanel_sarideau005-400x355.jpg", "price": "$35.00", "price_per_ounce": 350.0}, {"full_text": "Limited Edition. $34.00/0.12 oz.", "brand": "Chanel", "name": "Magnolia", "url": "http://www.temptalia.com/product/chanel-rouge-coco-hydrating-creme-lip-colour/magnolia", "review": "-", "user_rating": "5", "permanence": "LE", "rgb": [131, 43, 40], "color_name": "red", "image_url": "http://www.temptalia.com/wp-content/uploads/2010/10/chanel_magnolia003-400x355.jpg", "price": "$34.00", "price_per_ounce": 283.33333333333337}, {"full_text": "Discontinued. $34.00/0.12 oz.", "brand": "Chanel", "name": "Paradis", "url": "http://www.temptalia.com/product/chanel-rouge-coco-hydrating-creme-lip-colour/paradis", "review": "-", "user_rating": "4", "permanence": "DC", "rgb": [128, 39, 29], "color_name": "red", "image_url": "http://www.temptalia.com/wp-content/uploads/2012/01/chanel_paradis003-400x355.jpg", "price": "$34.00", "price_per_ounce": 283.33333333333337}, {"full_text": "Limited Edition. $34.00/0.12 oz.", "brand": "Chanel", "name": "Patchouli", "url": "http://www.temptalia.com/product/chanel-rouge-coco-hydrating-creme-lip-colour/patchouli", "review": "-", "user_rating": "0", "permanence": "LE", "rgb": [151, 44, 50], "color_name": "red", "image_url": "http://www.temptalia.com/wp-content/uploads/2010/10/chanel_patchouli003-400x355.jpg", "price": "$34.00", "price_per_ounce": 283.33333333333337}, {"full_text": "Permanent. $34.00/0.12 oz.", "brand": "Chanel", "name": "Peregrina", "url": "http://www.temptalia.com/product/chanel-rouge-coco-hydrating-creme-lip-colour/peregrina", "review": "-", "user_rating": "4", "permanence": "P", "rgb": [124, 33, 35], "color_name": "red", "image_url": "http://www.temptalia.com/wp-content/uploads/2010/12/chanel_springcocos012-400x355.jpg", "price": "$34.00", "price_per_ounce": 283.33333333333337}, {"full_text": "Permanent. $34.00/0.12 oz.", "brand": "Chanel", "name": "Plumetis", "url": "http://www.temptalia.com/product/chanel-rouge-coco-hydrating-creme-lip-colour/plumetis", "review": "C", "user_rating": "0", "permanence": "P", "rgb": [118, 33, 27], "color_name": "red", "image_url": "http://www.temptalia.com/wp-content/uploads/2011/06/chanel_plumetis004-400x355.jpg", "price": "$34.00", "price_per_ounce": 283.33333333333337}, {"full_text": "Discontinued. $34.00/0.12 oz.", "brand": "Chanel", "name": "Sari Dore", "url": "http://www.temptalia.com/product/chanel-rouge-coco-hydrating-creme-lip-colour/sari-dore", "review": "-", "user_rating": "5", "permanence": "DC", "rgb": [176, 37, 47], "color_name": "pink", "image_url": "http://www.temptalia.com/wp-content/uploads/2010/12/chanel_saridore003-400x355.jpg", "price": "$34.00", "price_per_ounce": 283.33333333333337}, {"full_text": "Limited Edition. $34.00/0.12 oz.", "brand": "Chanel", "name": "Stunning", "url": "http://www.temptalia.com/product/chanel-rouge-coco-hydrating-creme-lip-colour/stunning", "review": "-", "user_rating": "5", "permanence": "LE", "rgb": [132, 43, 48], "color_name": "red", "image_url": "http://www.temptalia.com/wp-content/uploads/2010/09/chanel_stunningcoco003-400x355.jpg", "price": "$34.00", "price_per_ounce": 283.33333333333337}, {"full_text": "Permanent. $34.00/0.12 oz.", "brand": "Chanel", "name": "Superstition", "url": "http://www.temptalia.com/product/chanel-rouge-coco-hydrating-creme-lip-colour/superstition", "review": "-", "user_rating": "0", "permanence": "P", "rgb": [125, 44, 41], "color_name": "red", "image_url": "http://www.temptalia.com/wp-content/uploads/2012/01/chanel_superstition003-400x355.jpg", "price": "$34.00", "price_per_ounce": 283.33333333333337}, {"full_text": "Permanent. $34.00/0.12 oz.", "brand": "Chanel", "name": "Taffeta Rose", "url": "http://www.temptalia.com/product/chanel-rouge-coco-hydrating-creme-lip-colour/taffeta-rose", "review": "-", "user_rating": "0", "permanence": "P", "rgb": [156, 24, 15], "color_name": "red", "image_url": "http://www.temptalia.com/wp-content/uploads/2011/01/chanel_taffetarose003-400x355.jpg", "price": "$34.00", "price_per_ounce": 283.33333333333337}, {"full_text": "Discontinued. $34.00/0.12 oz.", "brand": "Chanel", "name": "Teheran", "url": "http://www.temptalia.com/product/chanel-rouge-coco-hydrating-creme-lip-colour/teheran", "review": "B", "user_rating": "4", "permanence": "DC", "rgb": [166, 35, 33], "color_name": "red", "image_url": "http://www.temptalia.com/wp-content/uploads/2011/03/chanel_teheran003-400x355.jpg", "price": "$34.00", "price_per_ounce": 283.33333333333337}, {"full_text": "Discontinued. $34.00/0.12 oz.", "brand": "Chanel", "name": "Jersey Rose", "url": "http://www.temptalia.com/product/chanel-rouge-coco-hydrating-creme-lip-colour/jersey-rose", "review": "-", "user_rating": "0", "permanence": "DC", "rgb": [158, 49, 46], "color_name": "red", "image_url": "http://www.temptalia.com/wp-content/uploads/2010/12/chanel_springcocos010-400x355.jpg", "price": "$34.00", "price_per_ounce": 283.33333333333337}, {"full_text": "Permanent. $34.00/0.12 oz.", "brand": "Chanel", "name": "Caractere", "url": "http://www.temptalia.com/product/chanel-rouge-coco-hydrating-creme-lip-colour/caractere", "review": "-", "user_rating": "4", "permanence": "P", "rgb": [111, 42, 36], "color_name": "red", "image_url": "http://www.temptalia.com/wp-content/uploads/2012/07/chanel_caractere004-400x355.jpg", "price": "$34.00", "price_per_ounce": 283.33333333333337}, {"full_text": "Permanent. $34.00/0.12 oz.", "brand": "Chanel", "name": "Charme", "url": "http://www.temptalia.com/product/chanel-rouge-coco-hydrating-creme-lip-colour/charme", "review": "-", "user_rating": "0", "permanence": "P", "rgb": [144, 61, 46], "color_name": "red", "image_url": "http://www.temptalia.com/wp-content/uploads/2012/01/chanel_charme003-400x355.jpg", "price": "$34.00", "price_per_ounce": 283.33333333333337}, {"full_text": "Permanent. $34.00/0.12 oz.", "brand": "Chanel", "name": "Destinee", "url": "http://www.temptalia.com/product/chanel-rouge-coco-hydrating-creme-lip-colour/destinee", "review": "-", "user_rating": "5", "permanence": "P", "rgb": [116, 29, 19], "color_name": "red", "image_url": "http://www.temptalia.com/wp-content/uploads/2012/01/chanel_destinee003-400x355.jpg", "price": "$34.00", "price_per_ounce": 283.33333333333337}, {"full_text": "Permanent. $34.00/0.12 oz.", "brand": "Chanel", "name": "Etole", "url": "http://www.temptalia.com/product/chanel-rouge-coco-hydrating-creme-lip-colour/etole", "review": "A", "user_rating": "5", "permanence": "P", "rgb": [91, 12, 3], "color_name": "burgundy", "image_url": "http://www.temptalia.com/wp-content/uploads/2011/06/chanel_etole004-400x355.jpg", "price": "$34.00", "price_per_ounce": 283.33333333333337}, {"full_text": "Discontinued. $34.00/0.12 oz.", "brand": "Chanel", "name": "Gardenia", "url": "http://www.temptalia.com/product/chanel-rouge-coco-hydrating-creme-lip-colour/gardenia", "review": "-", "user_rating": "5", "permanence": "DC", "rgb": [165, 48, 46], "color_name": "pink", "image_url": "http://www.temptalia.com/wp-content/uploads/2011/04/chanel_gardenia005-400x355.jpg", "price": "$34.00", "price_per_ounce": 283.33333333333337}, {"full_text": "Permanent. $36.00/0.12 oz.", "brand": "Chanel", "name": "La Ravissante", "url": "http://www.temptalia.com/product/chanel-rouge-allure-velvet/la-ravissante", "review": "-", "user_rating": "0", "permanence": "P", "rgb": [113, 14, 17], "color_name": "red", "image_url": "http://www.temptalia.com/wp-content/uploads/2011/11/chanel_laravissante003-400x355.jpg", "price": "$36.00", "price_per_ounce": 300.0}, {"full_text": "Permanent. $36.00/0.12 oz.", "brand": "Chanel", "name": "L'Impatiente", "url": "http://www.temptalia.com/product/chanel-rouge-allure-velvet/limpatiente", "review": "-", "user_rating": "3", "permanence": "P", "rgb": [74, 14, 6], "color_name": "burgundy", "image_url": "http://www.temptalia.com/wp-content/uploads/2012/10/chanel_limpatiente005-400x355.jpg", "price": "$36.00", "price_per_ounce": 300.0}, {"full_text": "Permanent. $36.00/0.12 oz.", "brand": "Chanel", "name": "Extatique", "url": "http://www.temptalia.com/product/chanel-rouge-allure-luminous-intense-lip-colour/extatique", "review": "-", "user_rating": "5", "permanence": "P", "rgb": [150, 56, 26], "color_name": "red", "image_url": "http://www.temptalia.com/wp-content/uploads/2012/10/chanel_extatique004-400x355.jpg", "price": "$36.00", "price_per_ounce": 300.0}, {"full_text": "Permanent. $36.00/0.12 oz.", "brand": "Chanel", "name": "Flamboyante", "url": "http://www.temptalia.com/product/chanel-rouge-allure-luminous-intense-lip-colour/flamboyante", "review": "-", "user_rating": "5", "permanence": "P", "rgb": [146, 29, 24], "color_name": "red", "image_url": "http://www.temptalia.com/wp-content/uploads/2010/12/chanel_springallures010-400x355.jpg", "price": "$36.00", "price_per_ounce": 300.0}, {"full_text": "Limited Edition. $36.00/0.12 oz.", "brand": "Chanel", "name": "Genial", "url": "http://www.temptalia.com/product/chanel-rouge-allure-luminous-intense-lip-colour/genial", "review": "-", "user_rating": "5", "permanence": "LE", "rgb": [165, 38, 29], "color_name": "red", "image_url": "http://www.temptalia.com/wp-content/uploads/2010/04/chanel_genial003-400x355.jpg", "price": "$36.00", "price_per_ounce": 300.0}, {"full_text": "Limited Edition. $36.00/0.12 oz.", "brand": "Chanel", "name": "Hyde Park", "url": "http://www.temptalia.com/product/chanel-rouge-allure-luminous-intense-lip-colour/hyde-park", "review": "A", "user_rating": "0", "permanence": "LE", "rgb": [167, 49, 33], "color_name": "red", "image_url": "http://www.temptalia.com/wp-content/uploads/2012/01/chanel_hydepark003-400x355.jpg", "price": "$36.00", "price_per_ounce": 300.0}, {"full_text": "Permanent. $36.00/0.12 oz.", "brand": "Chanel", "name": "Insolente", "url": "http://www.temptalia.com/product/chanel-rouge-allure-luminous-intense-lip-colour/insolente", "review": "-", "user_rating": "5", "permanence": "P", "rgb": [141, 28, 13], "color_name": "red", "image_url": "http://www.temptalia.com/wp-content/uploads/2010/10/chanel_insolente003-400x355.jpg", "price": "$36.00", "price_per_ounce": 300.0}, {"full_text": "Limited Edition. $36.00/0.12 oz.", "brand": "Chanel", "name": "Kensington", "url": "http://www.temptalia.com/product/chanel-rouge-allure-luminous-intense-lip-colour/kensington", "review": "A", "user_rating": "0", "permanence": "LE", "rgb": [127, 38, 20], "color_name": "red", "image_url": "http://www.temptalia.com/wp-content/uploads/2012/01/chanel_kensington003-400x355.jpg", "price": "$36.00", "price_per_ounce": 300.0}, {"full_text": "Permanent. $36.00/0.12 oz.", "brand": "Chanel", "name": "Lover", "url": "http://www.temptalia.com/product/chanel-rouge-allure-luminous-intense-lip-colour/lover", "review": "-", "user_rating": "0", "permanence": "P", "rgb": [161, 7, 1], "color_name": "red", "image_url": "http://www.temptalia.com/wp-content/uploads/2011/01/chanel_lover003-400x355.jpg", "price": "$36.00", "price_per_ounce": 300.0}, {"full_text": "Permanent. $36.00/0.12 oz.", "brand": "Chanel", "name": "Pimpante", "url": "http://www.temptalia.com/product/chanel-rouge-allure-luminous-intense-lip-colour/pimpante", "review": "-", "user_rating": "0", "permanence": "P", "rgb": [177, 55, 58], "color_name": "pink", "image_url": "http://www.temptalia.com/wp-content/uploads/2012/10/chanel_pimpante004-400x355.jpg", "price": "$36.00", "price_per_ounce": 300.0}, {"full_text": "Limited Edition. $36.00/0.12 oz.", "brand": "Chanel", "name": "Rouge Byzantin", "url": "http://www.temptalia.com/product/chanel-rouge-allure-luminous-intense-lip-colour/rouge-byzantin", "review": "A+", "user_rating": "4", "permanence": "LE", "rgb": [108, 13, 0], "color_name": "red", "image_url": "http://www.temptalia.com/wp-content/uploads/2011/07/chanel_rougebyzantin005-400x355.jpg", "price": "$36.00", "price_per_ounce": 300.0}, {"full_text": "Permanent. $36.00/0.12 oz.", "brand": "Chanel", "name": "Coromandel", "url": "http://www.temptalia.com/product/chanel-rouge-allure-luminous-intense-lip-colour/coromandel", "review": "-", "user_rating": "5", "permanence": "P", "rgb": [142, 7, 13], "color_name": "red", "image_url": "http://www.temptalia.com/wp-content/uploads/2012/10/chanel_coromandel008-400x355.jpg", "price": "$36.00", "price_per_ounce": 300.0}, {"full_text": "Permanent. $36.00/0.12 oz.", "brand": "Chanel", "name": "Darling", "url": "http://www.temptalia.com/product/chanel-rouge-allure-luminous-intense-lip-colour/darling", "review": "-", "user_rating": "3", "permanence": "P", "rgb": [152, 51, 51], "color_name": "red", "image_url": "http://www.temptalia.com/wp-content/uploads/2010/04/chanel_darling003-400x355.jpg", "price": "$36.00", "price_per_ounce": 300.0}, {"full_text": "Permanent. $36.00/0.12 oz.", "brand": "Chanel", "name": "Enjouee", "url": "http://www.temptalia.com/product/chanel-rouge-allure-luminous-intense-lip-colour/enjouee", "review": "-", "user_rating": "0", "permanence": "P", "rgb": [130, 26, 20], "color_name": "red", "image_url": "http://www.temptalia.com/wp-content/uploads/2012/10/chanel_enjouee004-400x355.jpg", "price": "$36.00", "price_per_ounce": 300.0}, {"full_text": "Discontinued. $32.00/0.20 oz.", "brand": "Chanel", "name": "Dragon", "url": "http://www.temptalia.com/product/chanel-rouge-allure-laque/dragon", "review": "-", "user_rating": "4", "permanence": "DC", "rgb": [80, 1, 0], "color_name": "burgundy", "image_url": "http://www.temptalia.com/wp-content/uploads/2011/11/chanel_dragon010-400x355.jpg", "price": "$32.00", "price_per_ounce": 160.0}, {"full_text": "Limited Edition. $32.00/0.20 oz.", "brand": "Chanel", "name": "Empire", "url": "http://www.temptalia.com/product/chanel-rouge-allure-laque/empire", "review": "-", "user_rating": "4", "permanence": "LE", "rgb": [120, 32, 28], "color_name": "red", "image_url": "http://www.temptalia.com/wp-content/uploads/2011/10/chanel_empire003-400x355.jpg", "price": "$32.00", "price_per_ounce": 160.0}, {"full_text": "Discontinued. $32.00/0.20 oz.", "brand": "Chanel", "name": "Imperial", "url": "http://www.temptalia.com/product/chanel-rouge-allure-laque/imperial", "review": "-", "user_rating": "4", "permanence": "DC", "rgb": [117, 15, 16], "color_name": "red", "image_url": "http://www.temptalia.com/wp-content/uploads/2010/08/chanel_73laque003-400x355.jpg", "price": "$32.00", "price_per_ounce": 160.0}, {"full_text": "Discontinued. $32.00/0.20 oz.", "brand": "Chanel", "name": "Phoenix", "url": "http://www.temptalia.com/product/chanel-rouge-allure-laque/phoenix", "review": "-", "user_rating": "0", "permanence": "DC", "rgb": [183, 42, 28], "color_name": "pink", "image_url": "http://www.temptalia.com/wp-content/uploads/2010/04/chanel_78rougeallurelaque002-400x355.jpg", "price": "$32.00", "price_per_ounce": 160.0}, {"full_text": "Limited Edition. $32.00/0.20 oz.", "brand": "Chanel", "name": "Stunt", "url": "http://www.temptalia.com/product/chanel-rouge-allure-laque/stunt", "review": "-", "user_rating": "3", "permanence": "LE", "rgb": [93, 19, 19], "color_name": "red", "image_url": "http://www.temptalia.com/wp-content/uploads/2010/09/chanel_stuntral003-400x355.jpg", "price": "$32.00", "price_per_ounce": 160.0}, {"full_text": "Limited Edition. $36.00/0.12 oz.", "brand": "Chanel", "name": "Belgravia", "url": "http://www.temptalia.com/product/chanel-rouge-allure-luminous-intense-lip-colour/belgravia", "review": "A", "user_rating": "0", "permanence": "LE", "rgb": [128, 28, 16], "color_name": "red", "image_url": "http://www.temptalia.com/wp-content/uploads/2012/01/chanel_belgravia003-400x355.jpg", "price": "$36.00", "price_per_ounce": 300.0}, {"full_text": "Limited Edition. $36.00/0.12 oz.", "brand": "Chanel", "name": "Confidentielle", "url": "http://www.temptalia.com/product/chanel-rouge-allure-luminous-intense-lip-colour/confidentielle", "review": "-", "user_rating": "0", "permanence": "LE", "rgb": [119, 38, 35], "color_name": "red", "image_url": "http://www.temptalia.com/wp-content/uploads/2010/10/chanel_confidentielle003-400x355.jpg", "price": "$36.00", "price_per_ounce": 300.0}, {"full_text": "Permanent. $36.00/0.12 oz.", "brand": "Chanel", "name": "Coquette", "url": "http://www.temptalia.com/product/chanel-rouge-allure-luminous-intense-lip-colour/coquette", "review": "-", "user_rating": "0", "permanence": "P", "rgb": [166, 34, 32], "color_name": "red", "image_url": "http://www.temptalia.com/wp-content/uploads/2010/12/chanel_springallures012-400x355.jpg", "price": "$36.00", "price_per_ounce": 300.0}, {"full_text": "Permanent. $21.00/0.13 oz.", "brand": "Buxom", "name": "Two-Timer", "url": "http://www.temptalia.com/product/buxom-full-bodied-lipstick/two-timer", "review": "A", "user_rating": "5", "permanence": "P", "rgb": [194, 59, 61], "color_name": "pink", "image_url": "http://www.temptalia.com/wp-content/uploads/2013/09/buxom_twotimer004-400x355.jpg", "price": "$21.00", "price_per_ounce": 161.53846153846152}, {"full_text": "Permanent. $21.00/0.13 oz.", "brand": "Buxom", "name": "Exhibitionist", "url": "http://www.temptalia.com/product/buxom-full-bodied-lipstick/exhibitionist", "review": "A", "user_rating": "4", "permanence": "P", "rgb": [187, 65, 9], "color_name": "fuchsia", "image_url": "http://www.temptalia.com/wp-content/uploads/2013/06/buxom_exhibitionist004-400x355.jpg", "price": "$21.00", "price_per_ounce": 161.53846153846152}, {"full_text": "Permanent. $21.00/0.13 oz.", "brand": "Buxom", "name": "Hooligan", "url": "http://www.temptalia.com/product/buxom-full-bodied-lipstick/hooligan", "review": "A", "user_rating": "5", "permanence": "P", "rgb": [164, 53, 45], "color_name": "pink", "image_url": "http://www.temptalia.com/wp-content/uploads/2013/09/buxom_hooligan004-400x355.jpg", "price": "$21.00", "price_per_ounce": 161.53846153846152}, {"full_text": "Permanent. $21.00/0.13 oz.", "brand": "Buxom", "name": "Menace", "url": "http://www.temptalia.com/product/buxom-full-bodied-lipstick/menace", "review": "A", "user_rating": "4", "permanence": "P", "rgb": [100, 12, 5], "color_name": "red", "image_url": "http://www.temptalia.com/wp-content/uploads/2013/09/buxom_menace004-400x355.jpg", "price": "$21.00", "price_per_ounce": 161.53846153846152}, {"full_text": "Permanent. $21.00/0.13 oz.", "brand": "Buxom", "name": "Nudist", "url": "http://www.temptalia.com/product/buxom-full-bodied-lipstick/nudist", "review": "B", "user_rating": "0", "permanence": "P", "rgb": [196, 100, 109], "color_name": "nude", "image_url": "http://www.temptalia.com/wp-content/uploads/2013/09/buxom_nudist004-400x355.jpg", "price": "$21.00", "price_per_ounce": 161.53846153846152}, {"full_text": "Permanent. $21.00/0.13 oz.", "brand": "Buxom", "name": "Provocateur", "url": "http://www.temptalia.com/product/buxom-full-bodied-lipstick/provocateur", "review": "A+", "user_rating": "2", "permanence": "P", "rgb": [156, 6, 5], "color_name": "red", "image_url": "http://www.temptalia.com/wp-content/uploads/2013/07/buxom_provocateur004-400x355.jpg", "price": "$21.00", "price_per_ounce": 161.53846153846152}, {"full_text": "Permanent. $21.00/0.13 oz.", "brand": "Buxom", "name": "Rogue", "url": "http://www.temptalia.com/product/buxom-full-bodied-lipstick/rogue", "review": "A", "user_rating": "0", "permanence": "P", "rgb": [193, 1, 11], "color_name": "red", "image_url": "http://www.temptalia.com/wp-content/uploads/2013/06/buxom_rogue004-400x355.jpg", "price": "$21.00", "price_per_ounce": 161.53846153846152}, {"full_text": "Permanent. $21.00/0.13 oz.", "brand": "Buxom", "name": "Runaway", "url": "http://www.temptalia.com/product/buxom-full-bodied-lipstick/runaway", "review": "A", "user_rating": "0", "permanence": "P", "rgb": [134, 22, 23], "color_name": "red", "image_url": "http://www.temptalia.com/wp-content/uploads/2013/06/buxom_runaway004-400x355.jpg", "price": "$21.00", "price_per_ounce": 161.53846153846152}, {"full_text": "Permanent. $21.00/0.13 oz.", "brand": "Buxom", "name": "Scoundrel", "url": "http://www.temptalia.com/product/buxom-full-bodied-lipstick/scoundrel", "review": "A+", "user_rating": "4", "permanence": "P", "rgb": [147, 11, 0], "color_name": "red", "image_url": "http://www.temptalia.com/wp-content/uploads/2013/07/buxom_scoundrel004-400x355.jpg", "price": "$21.00", "price_per_ounce": 161.53846153846152}, {"full_text": "Permanent. $21.00/0.13 oz.", "brand": "Buxom", "name": "Swinger", "url": "http://www.temptalia.com/product/buxom-full-bodied-lipstick/swinger", "review": "A+", "user_rating": "4", "permanence": "P", "rgb": [173, 90, 20], "color_name": "fuchsia", "image_url": "http://www.temptalia.com/wp-content/uploads/2013/08/buxom_swinger005-400x355.jpg", "price": "$21.00", "price_per_ounce": 161.53846153846152}, {"full_text": "Permanent. $18.00/0.33 oz.", "brand": "Obsessive Compulsive Cosmetics", "name": "Triptych", "url": "http://www.temptalia.com/product/occ-makeup-metallic-lip-tar/triptych", "review": "A", "user_rating": "0", "permanence": "P", "rgb": [186, 4, 96], "color_name": "orange", "image_url": "http://www.temptalia.com/wp-content/uploads/2012/11/occ_triptych003-2-400x355.jpg", "price": "$18.00", "price_per_ounce": 54.54545454545454}, {"full_text": "Permanent. $18.00/0.33 oz.", "brand": "Obsessive Compulsive Cosmetics", "name": "Yaoi", "url": "http://www.temptalia.com/product/occ-makeup-metallic-lip-tar/yaoi", "review": "A", "user_rating": "5", "permanence": "P", "rgb": [188, 77, 9], "color_name": "fuchsia", "image_url": "http://www.temptalia.com/wp-content/uploads/2012/11/occ_yaoi003-400x355.jpg", "price": "$18.00", "price_per_ounce": 54.54545454545454}, {"full_text": "Permanent. $18.00/0.33 oz.", "brand": "Obsessive Compulsive Cosmetics", "name": "Authentic", "url": "http://www.temptalia.com/product/occ-makeup-metallic-lip-tar/authentic", "review": "A", "user_rating": "3", "permanence": "P", "rgb": [156, 14, 35], "color_name": "red", "image_url": "http://www.temptalia.com/wp-content/uploads/2012/11/occ_authentic003-400x355.jpg", "price": "$18.00", "price_per_ounce": 54.54545454545454}, {"full_text": "Permanent. $18.00/0.33 oz.", "brand": "Obsessive Compulsive Cosmetics", "name": "Electric Grandma", "url": "http://www.temptalia.com/product/occ-makeup-metallic-lip-tar/electric-grandma", "review": "A", "user_rating": "5", "permanence": "P", "rgb": [202, 43, 55], "color_name": "pink", "image_url": "http://www.temptalia.com/wp-content/uploads/2012/11/occ_electricgrandma003-400x355.jpg", "price": "$18.00", "price_per_ounce": 54.54545454545454}, {"full_text": "Permanent. $18.00/0.33 oz.", "brand": "Obsessive Compulsive Cosmetics", "name": "Iced", "url": "http://www.temptalia.com/product/occ-makeup-metallic-lip-tar/iced", "review": "B+", "user_rating": "5", "permanence": "P", "rgb": [182, 159, 155], "color_name": "nude", "image_url": "http://www.temptalia.com/wp-content/uploads/2012/11/occ_iced003-400x355.jpg", "price": "$18.00", "price_per_ounce": 54.54545454545454}, {"full_text": "Permanent. $18.00/0.33 oz.", "brand": "Obsessive Compulsive Cosmetics", "name": "Super NSFW", "url": "http://www.temptalia.com/product/occ-makeup-metallic-lip-tar/super-nsfw", "review": "A", "user_rating": "4", "permanence": "P", "rgb": [161, 5, 3], "color_name": "red", "image_url": "http://www.temptalia.com/wp-content/uploads/2012/11/occ_supernsfw003-400x355.jpg", "price": "$18.00", "price_per_ounce": 54.54545454545454}, {"full_text": "Permanent. $18.00/0.33 oz.", "brand": "Obsessive Compulsive Cosmetics", "name": "Narcissus", "url": "http://www.temptalia.com/product/occ-makeup-lip-tar/narcissus", "review": "-", "user_rating": "0", "permanence": "P", "rgb": [169, 102, 37], "color_name": "fuchsia", "image_url": "http://www.temptalia.com/wp-content/uploads/2011/08/occ_narcissus003-400x355.jpg", "price": "$18.00", "price_per_ounce": 54.54545454545454}, {"full_text": "Permanent. $18.00/0.33 oz.", "brand": "Obsessive Compulsive Cosmetics", "name": "Nylon", "url": "http://www.temptalia.com/product/occ-makeup-lip-tar/nylon", "review": "A", "user_rating": "4", "permanence": "P", "rgb": [194, 91, 15], "color_name": "fuchsia", "image_url": "http://www.temptalia.com/wp-content/uploads/2012/08/occ_nylon004-400x355.jpg", "price": "$18.00", "price_per_ounce": 54.54545454545454}, {"full_text": "Permanent. $18.00/0.33 oz.", "brand": "Obsessive Compulsive Cosmetics", "name": "Pretty Boy", "url": "http://www.temptalia.com/product/occ-makeup-lip-tar/pretty-boy", "review": "-", "user_rating": "4", "permanence": "P", "rgb": [118, 38, 0], "color_name": "fuchsia", "image_url": "http://www.temptalia.com/wp-content/uploads/2011/08/occ_prettyboy003-400x355.jpg", "price": "$18.00", "price_per_ounce": 54.54545454545454}, {"full_text": "Permanent. $18.00/0.33 oz.", "brand": "Obsessive Compulsive Cosmetics", "name": "Psycho", "url": "http://www.temptalia.com/product/occ-makeup-lip-tar/psycho", "review": "-", "user_rating": "5", "permanence": "P", "rgb": [147, 7, 14], "color_name": "red", "image_url": "http://www.temptalia.com/wp-content/uploads/2012/09/occ_psycho003-400x355.jpg", "price": "$18.00", "price_per_ounce": 54.54545454545454}, {"full_text": "Permanent. $18.00/0.33 oz.", "brand": "Obsessive Compulsive Cosmetics", "name": "Queen", "url": "http://www.temptalia.com/product/occ-makeup-lip-tar/queen", "review": "-", "user_rating": "5", "permanence": "P", "rgb": [153, 25, 0], "color_name": "red", "image_url": "http://www.temptalia.com/wp-content/uploads/2011/08/occ_queen003-400x355.jpg", "price": "$18.00", "price_per_ounce": 54.54545454545454}, {"full_text": "Permanent. $18.00/0.33 oz.", "brand": "Obsessive Compulsive Cosmetics", "name": "Starling", "url": "http://www.temptalia.com/product/occ-makeup-lip-tar/starling", "review": "-", "user_rating": "0", "permanence": "P", "rgb": [113, 4, 13], "color_name": "red", "image_url": "http://www.temptalia.com/wp-content/uploads/2012/09/occ_starling003-400x355.jpg", "price": "$18.00", "price_per_ounce": 54.54545454545454}, {"full_text": "Permanent. $18.00/0.33 oz.", "brand": "Obsessive Compulsive Cosmetics", "name": "Marion", "url": "http://www.temptalia.com/product/occ-makeup-lip-tar/marion", "review": "-", "user_rating": "0", "permanence": "P", "rgb": [137, 36, 46], "color_name": "red", "image_url": "http://www.temptalia.com/wp-content/uploads/2012/09/occ_marion003-400x355.jpg", "price": "$18.00", "price_per_ounce": 54.54545454545454}, {"full_text": "Permanent. $18.00/0.33 oz.", "brand": "Obsessive Compulsive Cosmetics", "name": "Banjee", "url": "http://www.temptalia.com/product/occ-makeup-lip-tar/banjee", "review": "-", "user_rating": "5", "permanence": "P", "rgb": [174, 1, 40], "color_name": "orange", "image_url": "http://www.temptalia.com/wp-content/uploads/2011/08/occ_banjee003-400x355.jpg", "price": "$18.00", "price_per_ounce": 54.54545454545454}, {"full_text": "Discontinued. $18.00/0.33 oz.", "brand": "Obsessive Compulsive Cosmetics", "name": "Belladonna", "url": "http://www.temptalia.com/product/occ-makeup-lip-tar/belladonna", "review": "A", "user_rating": "4", "permanence": "DC", "rgb": [106, 131, 35], "color_name": "purple", "image_url": "http://www.temptalia.com/wp-content/uploads/2012/06/occ_belladonna003-400x355.jpg", "price": "$18.00", "price_per_ounce": 54.54545454545454}, {"full_text": "Permanent. $18.00/0.33 oz.", "brand": "Obsessive Compulsive Cosmetics", "name": "Black Dahlia", "url": "http://www.temptalia.com/product/occ-makeup-lip-tar/black-dahlia", "review": "-", "user_rating": "4", "permanence": "P", "rgb": [44, 7, 3], "color_name": "burgundy", "image_url": "http://www.temptalia.com/wp-content/uploads/2012/09/occ_dahlia003-400x355.jpg", "price": "$18.00", "price_per_ounce": 54.54545454545454}, {"full_text": "Permanent. $18.00/0.33 oz.", "brand": "Obsessive Compulsive Cosmetics", "name": "Butch", "url": "http://www.temptalia.com/product/occ-makeup-lip-tar/butch", "review": "-", "user_rating": "5", "permanence": "P", "rgb": [53, 120, 71], "color_name": "blue", "image_url": "http://www.temptalia.com/wp-content/uploads/2011/08/occ_butch0031-400x355.jpg", "price": "$18.00", "price_per_ounce": 54.54545454545454}, {"full_text": "Permanent. $18.00/0.33 oz.", "brand": "Obsessive Compulsive Cosmetics", "name": "Chlorophyll", "url": "http://www.temptalia.com/product/occ-makeup-lip-tar/chlorophyll", "review": "A-", "user_rating": "0", "permanence": "P", "rgb": [1, 48, 59], "color_name": "green", "image_url": "http://www.temptalia.com/wp-content/uploads/2012/04/occ_chlorophyll004-2-400x355.jpg", "price": "$18.00", "price_per_ounce": 54.54545454545454}, {"full_text": "Permanent. $18.00/0.33 oz.", "brand": "Obsessive Compulsive Cosmetics", "name": "Digitalis", "url": "http://www.temptalia.com/product/occ-makeup-lip-tar/digitalis", "review": "A", "user_rating": "0", "permanence": "P", "rgb": [139, 97, 54], "color_name": "purple", "image_url": "http://www.temptalia.com/wp-content/uploads/2012/06/occ_digitalisliptar003-400x355.jpg", "price": "$18.00", "price_per_ounce": 54.54545454545454}, {"full_text": "Permanent. $18.00/0.33 oz.", "brand": "Obsessive Compulsive Cosmetics", "name": "Femme", "url": "http://www.temptalia.com/product/occ-makeup-lip-tar/femme", "review": "-", "user_rating": "4", "permanence": "P", "rgb": [197, 106, 76], "color_name": "pink", "image_url": "http://www.temptalia.com/wp-content/uploads/2011/08/occ_femme003-400x355.jpg", "price": "$18.00", "price_per_ounce": 54.54545454545454}, {"full_text": "Permanent. $18.00/0.33 oz.", "brand": "Obsessive Compulsive Cosmetics", "name": "Lydia", "url": "http://www.temptalia.com/product/occ-makeup-lip-tar/lydia", "review": "-", "user_rating": "4", "permanence": "P", "rgb": [107, 38, 21], "color_name": "red", "image_url": "http://www.temptalia.com/wp-content/uploads/2012/09/occ_lydia003-400x355.jpg", "price": "$18.00", "price_per_ounce": 54.54545454545454}, {"full_text": "Permanent. $32.00/0.14 oz.", "brand": "Le Metier de Beaute", "name": "Paris", "url": "http://www.temptalia.com/product/le-metier-de-beaute-colour-core-moisture-stain-lipstick/paris", "review": "A", "user_rating": "0", "permanence": "P", "rgb": [141, 53, 20], "color_name": "fuchsia", "image_url": "http://www.temptalia.com/wp-content/uploads/2012/06/lemetierdebeaute_parislipstick003-400x355.jpg", "price": "$32.00", "price_per_ounce": 228.57142857142856}, {"full_text": "Permanent. $32.00/0.14 oz.", "brand": "Le Metier de Beaute", "name": "Fiji", "url": "http://www.temptalia.com/product/le-metier-de-beaute-colour-core-moisture-stain-lipstick/fiji", "review": "-", "user_rating": "0", "permanence": "P", "rgb": [162, 69, 46], "color_name": "pink", "image_url": "http://www.temptalia.com/wp-content/uploads/2012/05/lemetierdebeaute_fiji003-400x355.jpg", "price": "$32.00", "price_per_ounce": 228.57142857142856}, {"full_text": "Permanent. $28.00/0.10 oz.", "brand": "Hourglass", "name": "Muse", "url": "http://www.temptalia.com/product/hourglass-opaque-rouge-liquid-lipstick/muse", "review": "-", "user_rating": "4", "permanence": "P", "rgb": [164, 17, 16], "color_name": "red", "image_url": "http://www.temptalia.com/wp-content/uploads/2012/08/hourglass_muse004-400x355.jpg", "price": "$28.00", "price_per_ounce": 280.0}, {"full_text": "Permanent. $28.00/0.10 oz.", "brand": "Hourglass", "name": "Raven", "url": "http://www.temptalia.com/product/hourglass-opaque-rouge-liquid-lipstick/raven", "review": "-", "user_rating": "4", "permanence": "P", "rgb": [146, 6, 7], "color_name": "red", "image_url": "http://www.temptalia.com/wp-content/uploads/2012/08/hourglass_raven004-400x355.jpg", "price": "$28.00", "price_per_ounce": 280.0}, {"full_text": "Permanent. $30.00/0.12 oz.", "brand": "Burberry", "name": "Antique Pink (303)", "url": "http://www.temptalia.com/product/burberry-lip-velvet/antique-pink-303", "review": "A+", "user_rating": "5", "permanence": "P", "rgb": [140, 39, 41], "color_name": "red", "image_url": "http://www.temptalia.com/wp-content/uploads/2012/12/burberry_antiquepink004-400x355.jpg", "price": "$30.00", "price_per_ounce": 250.0}, {"full_text": "Permanent. $30.00/0.12 oz.", "brand": "Burberry", "name": "Bright Poppy (311)", "url": "http://www.temptalia.com/product/burberry-lip-velvet/bright-poppy-311", "review": "A", "user_rating": "0", "permanence": "P", "rgb": [129, 22, 11], "color_name": "red", "image_url": "http://www.temptalia.com/wp-content/uploads/2013/06/burberry_brightpoppy004-400x355.jpg", "price": "$30.00", "price_per_ounce": 250.0}, {"full_text": "Permanent. $30.00/0.12 oz.", "brand": "Burberry", "name": "Peony Rose (302)", "url": "http://www.temptalia.com/product/burberry-lip-velvet/peony-rose-302", "review": "-", "user_rating": "5", "permanence": "P", "rgb": [174, 56, 54], "color_name": "pink", "image_url": "http://www.temptalia.com/wp-content/uploads/2013/05/burberry_302peonyrose004-400x355.jpg", "price": "$30.00", "price_per_ounce": 250.0}, {"full_text": "Permanent. $30.00/0.12 oz.", "brand": "Burberry", "name": "Pink Amber (306)", "url": "http://www.temptalia.com/product/burberry-lip-velvet/pink-amber-306", "review": "-", "user_rating": "4", "permanence": "P", "rgb": [143, 29, 25], "color_name": "red", "image_url": "http://www.temptalia.com/wp-content/uploads/2012/12/burberry_pinkamber004-400x355.jpg", "price": "$30.00", "price_per_ounce": 250.0}, {"full_text": "Permanent. $30.00/0.12 oz.", "brand": "Burberry", "name": "Pink Apricot (301)", "url": "http://www.temptalia.com/product/burberry-lip-velvet/pink-apricot-301", "review": "-", "user_rating": "5", "permanence": "P", "rgb": [181, 63, 73], "color_name": "pink", "image_url": "http://www.temptalia.com/wp-content/uploads/2012/12/burberry_pinkapricot008-400x355.jpg", "price": "$30.00", "price_per_ounce": 250.0}, {"full_text": "Permanent. $30.00/0.12 oz.", "brand": "Burberry", "name": "Redwood (304)", "url": "http://www.temptalia.com/product/burberry-lip-velvet/redwood-304", "review": "A", "user_rating": "5", "permanence": "P", "rgb": [134, 26, 26], "color_name": "red", "image_url": "http://www.temptalia.com/wp-content/uploads/2013/07/burberry_redwood004-400x355.jpg", "price": "$30.00", "price_per_ounce": 250.0}, {"full_text": "Permanent. $30.00/0.12 oz.", "brand": "Burberry", "name": "Rose Pink (307)", "url": "http://www.temptalia.com/product/burberry-lip-velvet/rose-pink-307", "review": "A+", "user_rating": "0", "permanence": "P", "rgb": [164, 40, 29], "color_name": "red", "image_url": "http://www.temptalia.com/wp-content/uploads/2013/06/burberry_rosepink004-400x355.jpg", "price": "$30.00", "price_per_ounce": 250.0}, {"full_text": "Permanent. $30.00/0.12 oz.", "brand": "Burberry", "name": "Primrose Hill Pink", "url": "http://www.temptalia.com/product/burberry-lip-cover/primrose-hill-pink", "review": "-", "user_rating": "0", "permanence": "P", "rgb": [136, 29, 26], "color_name": "red", "image_url": "http://www.temptalia.com/wp-content/uploads/2012/03/burberry_primrosehillpink003-400x355.jpg", "price": "$30.00", "price_per_ounce": 250.0}, {"full_text": "Permanent. $30.00/0.12 oz.", "brand": "Burberry", "name": "Tulip Pink", "url": "http://www.temptalia.com/product/burberry-lip-cover/tulip-pink", "review": "-", "user_rating": "0", "permanence": "P", "rgb": [146, 61, 57], "color_name": "nude", "image_url": "http://www.temptalia.com/wp-content/uploads/2012/03/burberry_tulippink003-400x355.jpg", "price": "$30.00", "price_per_ounce": 250.0}, {"full_text": "Permanent. $30.00/0.12 oz.", "brand": "Burberry", "name": "Bright Plum (15)", "url": "http://www.temptalia.com/product/burberry-lip-cover/bright-plum-15", "review": "A+", "user_rating": "4", "permanence": "P", "rgb": [105, 21, 7], "color_name": "red", "image_url": "http://www.temptalia.com/wp-content/uploads/2013/05/burberry_brightplum004-400x355.jpg", "price": "$30.00", "price_per_ounce": 250.0}, {"full_text": "Permanent. $30.00/0.12 oz.", "brand": "Burberry", "name": "Devon Sunset", "url": "http://www.temptalia.com/product/burberry-lip-cover/devon-sunset", "review": "A", "user_rating": "4", "permanence": "P", "rgb": [150, 32, 36], "color_name": "red", "image_url": "http://www.temptalia.com/wp-content/uploads/2012/03/burberry_devonsunset003-400x355.jpg", "price": "$30.00", "price_per_ounce": 250.0}, {"full_text": "Permanent. $30.00/0.12 oz.", "brand": "Burberry", "name": "Heather Rose", "url": "http://www.temptalia.com/product/burberry-lip-cover/heather-rose", "review": "-", "user_rating": "0", "permanence": "P", "rgb": [123, 15, 20], "color_name": "red", "image_url": "http://www.temptalia.com/wp-content/uploads/2011/11/burberry_heatherrose003-400x355.jpg", "price": "$30.00", "price_per_ounce": 250.0}, {"full_text": "Permanent. $18.00/0.10 oz.", "brand": "Benefit", "name": "Saucy", "url": "http://www.temptalia.com/product/benefit-full-finish-lipstick/saucy", "review": "-", "user_rating": "0", "permanence": "P", "rgb": [155, 29, 36], "color_name": "red", "image_url": "http://www.temptalia.com/wp-content/uploads/2011/12/benefit_saucy003-400x355.jpg", "price": "$18.00", "price_per_ounce": 180.0}, {"full_text": "Permanent. $18.00/0.10 oz.", "brand": "Benefit", "name": "I Think I Love You", "url": "http://www.temptalia.com/product/benefit-full-finish-lipstick/i-think-i-love-you", "review": "-", "user_rating": "0", "permanence": "P", "rgb": [118, 26, 26], "color_name": "red", "image_url": "http://www.temptalia.com/wp-content/uploads/2011/12/benefit_ithinkiloveyou003-400x355.jpg", "price": "$18.00", "price_per_ounce": 180.0}, {"full_text": "Discontinued. $18.00/0.10 oz.", "brand": "Benefit", "name": "La La Land", "url": "http://www.temptalia.com/product/benefit-full-finish-lipstick/la-la-land", "review": "-", "user_rating": "0", "permanence": "DC", "rgb": [112, 26, 28], "color_name": "red", "image_url": "http://www.temptalia.com/wp-content/uploads/2010/08/benefit_lalaland003-400x355.jpg", "price": "$18.00", "price_per_ounce": 180.0}, {"full_text": "Permanent. $19.00/0.12 oz.", "brand": "Make Up For Ever", "name": "#N40", "url": "http://www.temptalia.com/product/make-up-for-ever-rouge-artist-natural-lipstick/n40", "review": "-", "user_rating": "0", "permanence": "P", "rgb": [159, 70, 73], "color_name": "nude", "image_url": "http://www.temptalia.com/wp-content/uploads/2012/05/makeupforever_n40natural003-400x355.jpg", "price": "$19.00", "price_per_ounce": 158.33333333333334}, {"full_text": "Limited Edition. $19.00/0.12 oz.", "brand": "Make Up For Ever", "name": "Folk", "url": "http://www.temptalia.com/product/make-up-for-ever-rouge-artist-natural-lipstick/folk", "review": "-", "user_rating": "0", "permanence": "LE", "rgb": [144, 34, 33], "color_name": "red", "image_url": "http://www.temptalia.com/wp-content/uploads/2012/03/makeupforever_folk003-400x355.jpg", "price": "$19.00", "price_per_ounce": 158.33333333333334}, {"full_text": "Permanent. $19.00/0.12 oz.", "brand": "Make Up For Ever", "name": "#37", "url": "http://www.temptalia.com/product/make-up-for-ever-rouge-artist-intense-lipstick/37-2", "review": "-", "user_rating": "4", "permanence": "P", "rgb": [174, 30, 20], "color_name": "red", "image_url": "http://www.temptalia.com/wp-content/uploads/2010/08/makeupforever_37rougeartist003-400x355.jpg", "price": "$19.00", "price_per_ounce": 158.33333333333334}, {"full_text": "Permanent. $19.00/0.12 oz.", "brand": "Make Up For Ever", "name": "#4", "url": "http://www.temptalia.com/product/make-up-for-ever-rouge-artist-intense-lipstick/4-2", "review": "-", "user_rating": "0", "permanence": "P", "rgb": [152, 41, 38], "color_name": "red", "image_url": "http://www.temptalia.com/wp-content/uploads/2011/01/makeupforever_4rougeartist003-400x355.jpg", "price": "$19.00", "price_per_ounce": 158.33333333333334}, {"full_text": "Permanent. $19.00/0.12 oz.", "brand": "Make Up For Ever", "name": "#43", "url": "http://www.temptalia.com/product/make-up-for-ever-rouge-artist-intense-lipstick/43-2", "review": "-", "user_rating": "5", "permanence": "P", "rgb": [151, 2, 0], "color_name": "red", "image_url": "http://www.temptalia.com/wp-content/uploads/2010/10/makeupforever_moulinrouge004-400x355.jpg", "price": "$19.00", "price_per_ounce": 158.33333333333334}, {"full_text": "Permanent. $19.00/0.12 oz.", "brand": "Make Up For Ever", "name": "#44", "url": "http://www.temptalia.com/product/make-up-for-ever-rouge-artist-intense-lipstick/44-2", "review": "-", "user_rating": "4", "permanence": "P", "rgb": [145, 20, 18], "color_name": "red", "image_url": "http://www.temptalia.com/wp-content/uploads/2010/11/makeupforever_44artist003-400x355.jpg", "price": "$19.00", "price_per_ounce": 158.33333333333334}, {"full_text": "Permanent. $19.00/0.12 oz.", "brand": "Make Up For Ever", "name": "#48", "url": "http://www.temptalia.com/product/make-up-for-ever-rouge-artist-intense-lipstick/48-2", "review": "-", "user_rating": "0", "permanence": "P", "rgb": [104, 16, 10], "color_name": "red", "image_url": "http://www.temptalia.com/wp-content/uploads/2010/12/makeupforever_48rougeartist003-400x355.jpg", "price": "$19.00", "price_per_ounce": 158.33333333333334}, {"full_text": "Permanent. $19.00/0.12 oz.", "brand": "Make Up For Ever", "name": "#50", "url": "http://www.temptalia.com/product/make-up-for-ever-rouge-artist-intense-lipstick/50-2", "review": "-", "user_rating": "0", "permanence": "P", "rgb": [33, 12, 12], "color_name": "burgundy", "image_url": "http://www.temptalia.com/wp-content/uploads/2011/03/makeupforever_50rougeartist003-400x355.jpg", "price": "$19.00", "price_per_ounce": 158.33333333333334}, {"full_text": "Permanent. $19.00/0.12 oz.", "brand": "Make Up For Ever", "name": "#12", "url": "http://www.temptalia.com/product/make-up-for-ever-rouge-artist-intense-lipstick/12-2", "review": "-", "user_rating": "0", "permanence": "P", "rgb": [134, 52, 29], "color_name": "red", "image_url": "http://www.temptalia.com/wp-content/uploads/2011/01/makeupforever_12rougeartist003-400x355.jpg", "price": "$19.00", "price_per_ounce": 158.33333333333334}, {"full_text": "Permanent. $19.00/0.12 oz.", "brand": "Make Up For Ever", "name": "#13", "url": "http://www.temptalia.com/product/make-up-for-ever-rouge-artist-intense-lipstick/13-2", "review": "-", "user_rating": "0", "permanence": "P", "rgb": [101, 12, 4], "color_name": "red", "image_url": "http://www.temptalia.com/wp-content/uploads/2010/08/makeupforever_13rougeartist003-400x355.jpg", "price": "$19.00", "price_per_ounce": 158.33333333333334}, {"full_text": "Permanent. $19.00/0.12 oz.", "brand": "Make Up For Ever", "name": "#20", "url": "http://www.temptalia.com/product/make-up-for-ever-rouge-artist-intense-lipstick/20-2", "review": "-", "user_rating": "0", "permanence": "P", "rgb": [133, 17, 20], "color_name": "red", "image_url": "http://www.temptalia.com/wp-content/uploads/2010/08/makeupforever_20rougeartist003-400x355.jpg", "price": "$19.00", "price_per_ounce": 158.33333333333334}, {"full_text": "Permanent. $19.00/0.12 oz.", "brand": "Make Up For Ever", "name": "#21", "url": "http://www.temptalia.com/product/make-up-for-ever-rouge-artist-intense-lipstick/21-2", "review": "-", "user_rating": "5", "permanence": "P", "rgb": [158, 14, 10], "color_name": "red", "image_url": "http://www.temptalia.com/wp-content/uploads/2010/12/makeupforever_21rougeartist003-400x355.jpg", "price": "$19.00", "price_per_ounce": 158.33333333333334}, {"full_text": "Permanent. $12.00/0.16 oz.", "brand": "Inglot", "name": "#103 Lipstick Cream", "url": "http://www.temptalia.com/product/inglot-lipstick-cream/103-lipstick-cream", "review": "A", "user_rating": "0", "permanence": "P", "rgb": [226, 7, 31], "color_name": "pink", "image_url": "http://www.temptalia.com/wp-content/uploads/2014/03/inglot_103lipstick004-400x355.jpg", "price": "$12.00", "price_per_ounce": 75.0}, {"full_text": "Limited Edition. $23.00/0.07 oz.", "brand": "Bobbi Brown", "name": "Orchid Pink", "url": "http://www.temptalia.com/product/bobbi-brown-treatment-lip-shine/orchid-pink", "review": "-", "user_rating": "5", "permanence": "LE", "rgb": [162, 72, 64], "color_name": "nude", "image_url": "http://www.temptalia.com/wp-content/uploads/2012/06/bobbibrown_orchidpink006-400x355.jpg", "price": "$23.00", "price_per_ounce": 328.57142857142856}, {"full_text": "Limited Edition. $23.00/0.07 oz.", "brand": "Bobbi Brown", "name": "Peach Sorbet", "url": "http://www.temptalia.com/product/bobbi-brown-treatment-lip-shine/peach-sorbet", "review": "-", "user_rating": "0", "permanence": "LE", "rgb": [148, 56, 57], "color_name": "red", "image_url": "http://www.temptalia.com/wp-content/uploads/2012/06/bobbibrown_peachsorbet004-400x355.jpg", "price": "$23.00", "price_per_ounce": 328.57142857142856}, {"full_text": "Limited Edition. $23.00/0.07 oz.", "brand": "Bobbi Brown", "name": "Pink Seashell", "url": "http://www.temptalia.com/product/bobbi-brown-treatment-lip-shine/pink-seashell", "review": "-", "user_rating": "0", "permanence": "LE", "rgb": [151, 55, 53], "color_name": "red", "image_url": "http://www.temptalia.com/wp-content/uploads/2012/06/bobbibrown_pinkseashell004-400x355.jpg", "price": "$23.00", "price_per_ounce": 328.57142857142856}, {"full_text": "Limited Edition. $23.00/0.07 oz.", "brand": "Bobbi Brown", "name": "Sunset Beach", "url": "http://www.temptalia.com/product/bobbi-brown-treatment-lip-shine/sunset-beach", "review": "-", "user_rating": "0", "permanence": "LE", "rgb": [135, 30, 35], "color_name": "red", "image_url": "http://www.temptalia.com/wp-content/uploads/2012/06/bobbibrown_sunsetbeach004-400x355.jpg", "price": "$23.00", "price_per_ounce": 328.57142857142856}, {"full_text": "Permanent. $24.00/0.13 oz.", "brand": "Bobbi Brown", "name": "Pink Peony", "url": "http://www.temptalia.com/product/bobbi-brown-rich-lip-color/pink-peony", "review": "-", "user_rating": "0", "permanence": "P", "rgb": [144, 42, 34], "color_name": "red", "image_url": "http://www.temptalia.com/wp-content/uploads/2012/02/bobbibrown_pinkpeony003-400x355.jpg", "price": "$24.00", "price_per_ounce": 184.6153846153846}, {"full_text": "Permanent. $24.00/0.13 oz.", "brand": "Bobbi Brown", "name": "Uber Beige", "url": "http://www.temptalia.com/product/bobbi-brown-rich-lip-color/uber-beige", "review": "-", "user_rating": "0", "permanence": "P", "rgb": [166, 69, 69], "color_name": "nude", "image_url": "http://www.temptalia.com/wp-content/uploads/2012/10/bobbibrown_uberbeige004-400x355.jpg", "price": "$24.00", "price_per_ounce": 184.6153846153846}, {"full_text": "Permanent. $24.00/0.13 oz.", "brand": "Bobbi Brown", "name": "Uber Nude", "url": "http://www.temptalia.com/product/bobbi-brown-rich-lip-color/uber-nude", "review": "-", "user_rating": "4", "permanence": "P", "rgb": [101, 23, 25], "color_name": "red", "image_url": "http://www.temptalia.com/wp-content/uploads/2012/10/bobbibrown_ubernude004-400x355.jpg", "price": "$24.00", "price_per_ounce": 184.6153846153846}, {"full_text": "Permanent. $24.00/0.13 oz.", "brand": "Bobbi Brown", "name": "Uber Suede", "url": "http://www.temptalia.com/product/bobbi-brown-rich-lip-color/uber-suede", "review": "-", "user_rating": "0", "permanence": "P", "rgb": [106, 28, 30], "color_name": "red", "image_url": "http://www.temptalia.com/wp-content/uploads/2012/10/bobbibrown_ubersuede004-400x355.jpg", "price": "$24.00", "price_per_ounce": 184.6153846153846}, {"full_text": "Limited Edition. $24.00/0.13 oz.", "brand": "Bobbi Brown", "name": "Wild Rose", "url": "http://www.temptalia.com/product/bobbi-brown-rich-lip-color/wild-rose", "review": "-", "user_rating": "0", "permanence": "LE", "rgb": [143, 44, 26], "color_name": "red", "image_url": "http://www.temptalia.com/wp-content/uploads/2012/02/bobbibrown_wildrose003-400x355.jpg", "price": "$24.00", "price_per_ounce": 184.6153846153846}, {"full_text": "Permanent. $24.00/0.13 oz.", "brand": "Bobbi Brown", "name": "Miami Coral", "url": "http://www.temptalia.com/product/bobbi-brown-rich-lip-color/miami-coral", "review": "-", "user_rating": "0", "permanence": "P", "rgb": [148, 52, 50], "color_name": "red", "image_url": "http://www.temptalia.com/wp-content/uploads/2012/02/bobbibrown_miamicoral003-400x355.jpg", "price": "$24.00", "price_per_ounce": 184.6153846153846}, {"full_text": "Permanent. $26.00/0.12 oz.", "brand": "Bobbi Brown", "name": "Party Alice", "url": "http://www.temptalia.com/product/bobbi-brown-lip-color/party-alice", "review": "A+", "user_rating": "0", "permanence": "P", "rgb": [115, 29, 26], "color_name": "red", "image_url": "http://www.temptalia.com/wp-content/uploads/2011/11/bobbibrown_partyalice003-400x355.jpg", "price": "$26.00", "price_per_ounce": 216.66666666666669}]